2190 3762
1018 275 1202 344 [εν]

265 429 323 478 1n
351 427 778 487 Annotationibus,
817 427 906 478 nisi
932 427 1067 500 quod
1094 429 1250 479 multo
1271 437 1386 479 sunt
1411 427 1678 488 uberiores,
1707 425 1879 476 eedem
1907 422 2011 474 fere

194 514 454 565 methodus
478 526 630 582 atque
655 516 703 564 iu
731 515 892 582 priore
930 526 1064 567 tomo
1101 518 1356 567 observata
1377 525 1468 567 est.
1543 518 1669 572 Quae
1698 514 1879 564 selecta
1902 520 2018 561 sunt

194 617 260 651 ex
306 602 505 653 diversis
549 602 815 654 editoribus
862 603 939 653 vel
981 604 1344 670 interpretibus,
1383 620 1553 654 eorum
1579 603 1787 670 singula,
1836 600 2019 667 quanta

195 690 333 756 potui
360 690 627 756 diligentia,
672 690 875 755 singulis
911 689 1011 739 suis
1049 690 1334 740 auctoribus
1372 689 1695 740 adscribenda
1720 686 1919 746 curavi3
1956 701 2019 734 ne

197 776 377 827 tacitus
402 777 517 826 mibi
541 793 769 843 arrogare
795 776 1001 836 viderer,
1048 794 1160 843 quae
1203 777 1402 828 fuerunt
1448 778 1478 827 ὅ
1522 777 1634 826 viris
1675 763 1877 827 eruditis
1917 776 2021 839 jam

197 875 455 931 occupata.
531 867 700 931 Atque
724 865 882 925 simul,
922 881 984 915 ne
1009 866 1194 933 aliquid
1219 865 1519 925 difficultatis
1544 865 1645 914 sive
1670 864 1701 914 ἆ
1728 880 1807 913 me
1833 862 1934 912 sive
1959 860 2022 910 ab

199 952 306 1003 aliis
333 969 430 1003 non
456 952 744 1019 expeditum
770 951 1146 1018 relinqueretur,
1186 970 1422 1003 summam
1452 968 1652 1018 quoque
1690 966 1859 1001 curam
1884 947 2028 999 adhi-

200 1040 302 1092 bui.
376 1039 501 1090 Fieri
527 1049 691 1106 potest
716 1047 771 1088 ut
797 1038 1088 1106 quibusdam
1126 1042 1300 1091 nimius
1338 1041 1504 1090 videar
1530 1037 1874 1090 in-lectoribus
1897 1035 2027 1093 rele-

198 1125 372 1193 gandis
408 1125 494 1175 ad·
514 1125 680 1185 libros,
719 1124 803 1191 qui
841 1142 940 1175 non
984 1126 1076 1176 nisi
1120 1143 1390 1194 paucorum
1433 1125 1764 1176 studiosorum
1803 1123 2026 1174 manibus

201 1211 539 1264 contrectandi
565 1211 781 1261 veniunt.
857 1212 957 1262 Sed
983 1214 1351 1263 monstrandum
1378 1223 1483 1263 erat
1502 1213 1597 1262 iter
1614 1212 1687 1273 iis,
1716 1211 1799 1279 qui
1818 1213 2029 1277 majores

202 1316 490 1368 progressus
515 1299 680 1349 facere
705 1309 944 1365 cuperent
968 1300 1019 1350 in
1044 1301 1217 1351 studiis
1254 1301 1390 1352 hisce
1428 1299 1810 1367 elegantioribus
1830 1319 1845 1358 ς
1879 1306 2031 1364 atque

203 1387 421 1439 subsidia
462 1385 738 1437 necessaria
776 1386 1087 1453 aliquatenus
1131 1388 1408 1440 indicanda.
1505 1386 1740 1445 Quamvis
1783 1385 1914 1437 enim
1954 1384 2035 1434 hoe

203 1475 540 1528 annotationes
565 1474 628 1524 ad
657 1490 800 1524 usum
827 1474 1072 1526 Studiosae
1095 1477 1379 1527 «Iuventutis
1414 1476 1667 1543 praecipue
1703 1474 1802 1524 sint
1836 1486 2036 1524 accom-

207 1563 433 1623 modatoe,
474 1572 525 1613 et
564 1578 679 1612 cum
705 1562 866 1612 doctis
891 1562 1171 1613 hominibus
1197 1563 1265 1613 nil
1291 1564 1382 1613 nisi
1407 1571 1527 1613 nota
1552 1561 1931 1623 communicent,
1971 1574 2038 1609 ex
2100 1561 2111 1574 ‘

207 1651 266 1701 iis
289 1661 454 1701 tamen
483 1649 713 1716 Magistri
753 1650 972 1716 juniores
1006 1651 1226 1700 nonnihil
1263 1651 1533 1718 adjumenti
1566 1650 1755 1717 possint
1797 1649 2038 1700 derivare·

210 1740 280 1790 Et
303 1755 383 1799 ne,
409 1738 459 1786 in
489 1738 628 1788 tanta
649 1753 814 1787 rerum
841 1738 1133 1805 exiguarum
1159 1739 1475 1799 abundantia,
1516 1755 1660 1789 omne
1686 1754 1844 1806 genus
1867 1736 2040 1787 oblee-

209 1824 412 1876 tamenti
455 1823 652 1873 omnino
695 1824 904 1884 abesset,
956 1825 1135 1890 passim
1184 1825 1430 1891 adspersoe
1474 1835 1589 1875 sunt
1631 1826 1810 1876 breves
1852 1822 2043 1890 aliquot

209 1913 510 1964 narrationes
535 1921 587 1963 et
611 1911 1070 1982 animadversiones,
1110 1911 1185 1963 ad-
1210 1915 1384 1979 poe'tas
1422 1922 1473 1963 et
1509 1912 1733 1979 poeticas
1756 1918 2040 1963 venustates

209 2000 425 2066 aliasque
462 2016 557 2059 res,
588 2000 768 2065 'potius
807 2000 956 2067 quam
993 1999 1060 2050 ad
1094 2016 1231 2050 mera
1267 2000 1523 2060 vocabula,
1569 2000 1887 2065 pertinentes,
1928 2013 2040 2065 quae

213 2087 364 2153 dapes
385 2087 488 2146 has,
527 2086 703 2152 parum
727 2086 902 2149 lautas,
940 2086 1108 2154 aliqua
1131 2087 1376 2138 suavitate
1403 2086 1676 2137 condirent.

291 2258 462 2323 Atque
485 2255 595 2306 haec
620 2266 750 2317 sunt,
791 2274 902 2323 quae
926 2256 978 2306 in
1003 2239 1282 2308 universum
1318 2256 1667 2324 praemonenda
1688 2254 1856 2308 habui.
1931 2257 2044 2308 Cae-

218 2354 434 2395 terorum
459 2342 653 2409 singula
675 2342 726 2392 in
752 2344 851 2393 suis
878 2345 999 2394 locis
1025 2356 1299 2397 memorata
1322 2346 1645 2397 invenientur.
1719 2345 1871 2396 Nunc
1894 2343 2047 2411 igitur

218 2431 396 2491 valeas,
435 2431 622 2481 Lector
645 2432 884 2481 benevole
905 2453 919 2491 ;
957 2415 1106 2499 atque
1143 2434 1272 2484 sinas
1296 2451 1377 2485 me
1401 2427 1637 2501 repetitos
1661 2434 1815 2483 hosce
1840 2416 2047 2483 conatus

219 2519 287 2571 ad
305 2518 636 2583 cognitionem
660 2519 870 2585 Linguae
895 2521 1044 2587 longe
1072 2522 1288 2572 omnium
1313 2522 1623 2574 nobilissimae
1646 2519 2046 2590 promovendam,

223 2605 274 2655 in
298 2605 574 2656 clientelam
598 2615 734 2659 tuam
759 2617 811 2659 et
835 2608 986 2660 fidem
1010 2610 1372 2683 commendare.

1559 2762 1626 2814 A.
1653 2761 1902 2815 Duzu..

393 2943 475 2982 Ser.
499 2941 733 2994 ldinburgr‘.

289 2997 403 3037 ffia.
426 2997 534 3037 Non.
556 2996 665 3036 uati
685 2996 800 3037 1797.
