2190 3762
995 255 1171 321 [vi]

171 406 220 455 ni
244 420 535 473 magnopere
559 406 712 464 fallor,
754 405 995 472 principiis
1018 406 1195 472 linguat
1229 405 1418 454 Groecoe
1441 403 1675 468 metrique
1703 398 1985 451 Hexametri

173 489 369 555 regulis.
395 490 464 539 uti
488 489 538 539 in
561 489 698 544 libro,
725 490 803 538 cui
827 488 994 539 titulus
1019 499 1095 539 est
1119 498 1155 522 “
1175 488 1407 537 Prosodia
1425 486 1730 552 Graeeass’p.
1747 483 1810 531 ΙΙ.
1835 500 1880 548 p.
1904 485 1988 539 80.

170 581 224 622 et
245 587 349 638 sqq.
364 571 597 638 exposita:
618 581 747 621 sunt.
821 571 924 621 Has
941 581 994 621 ut
1010 570 1384 629 introducerem,
1404 584 1563 635 neque
1581 583 1658 616 me
1677 565 1787 615 novi
1810 562 1990 631 aliquid

172 653 400 704 moliendi
425 653 679 720 cupiditas,
704 668 861 719 neque
881 651 1133 702 consilium
1153 661 1337 702 temere
1357 652 1528 701 initum
1547 649 1787 709 movebat,
1812 647 1896 698 sed
1914 646 1993 695 fir-

169 751 305 784 mum
327 735 471 785 animi
491 734 728 800 judicium
754 734 1193 785 Grammaticorum
1219 733 1571 799 Editorumque
1595 729 1994 781 consuetudinem

175 840 204 866 e
225 827 276 867 et
299 840 339 886 g,
364 817 504 866 metri
527 816 699 883 gratia,
740 793 810 865 uti
832 817 1006 876 fertur,
1046 812 1342 883 duplicandi,
1380 825 1478 864 tam
1520 831 1549 863 a
1583 813 1765 880 linguae
1800 810 1994 878 ingenio

175 916 320 966 quam
347 898 580 949 Veterum
606 899 905 965 Scriptorum
931 899 1118 950 ratione
1141 909 1291 966 atque
1317 915 1406 947 usu
1430 898 1706 947 abhorrere.
1778 895 1829 945 Si
1869 909 1997 960 quae·

175 982 288 1031 dam
328 981 538 1031 Poeticae
572 981 781 1030 licentiae
821 981 985 1032 danda
1024 982 1136 1043 sint,
1178 981 1552 1047 haudquaquam
1589 988 1750 1029 tamen
1791 975 1998 1027 concedi

175 1073 353 1130 potest,
390 1073 446 1112 ut
475 1063 677 1116 formam
702 1063 1049 1114 vocabulorum
1085 1081 1172 1131 per
1206 1053 1363 1113 certas
1398 1062 1587 1128 regulas
1611 1059 1922 1110 constitutam
1947 1067 1999 1107 et

174 1144 563 1211 quotidianousu
580 1145 924 1212 communique
948 1146 1160 1213 quodam
1186 1161 1425 1195 consensu
1448 1143 1799 1202 confirmatam,
1814 1141 1895 1190 illa
1907 1155 1997 1189 suo

172 1225 369 1274 arbitrio
387 1234 545 1275 mutet
565 1234 713 1291 atque
730 1242 868 1291 poene
886 1236 1089 1278 evertat.
1140 1225 1386 1293 Suspicari
1402 1224 1597 1294 quidem
1616 1225 1733 1274 licet
1749 1237 1999 1289 nunquam

174 1323 236 1357 eo
255 1322 407 1373 usque
428 1306 651 1373 antiquos
669 1306 975 1373 processisse,
994 1322 1093 1375 qno
1111 1307 1249 1357 multi
1271 1307 1401 1358 iuter
1418 1307 1732 1366 recentiores,
1754 1305 2002 1355 Poe‘ticam

174 1390 312 1439 istam
337 1389 581 1438 licentiam
603 1388 890 1454 ignorantiae
913 1391 1050 1456 quasi
1074 1390 1335 1447 honestum
1364 1390 1640 1457 perfugium
1665 1388 1814 1447 nacti,
1836 1387 2002 1437 volue-

174 1481 304 1521 runt.
346 1470 439 1520 His
455 1471 604 1536 igitur
616 1471 885 1536 perpensis,
907 1487 1007 1521 non
1032 1472 1249 1523 dubitavi
1266 1489 1356 1539 pro
1375 1472 1560 1533 ico-arae,
1586 1471 1762 1539 Odyss.
1788 1468 1837 1521 ἆ.
1858 1487 1904 1520 v.
1919 1474 2003 1520 40.

173 1555 431 1613 novio-meu,
446 1570 490 1602 v.
512 1557 624 1603 101.
643 1551 929 1622 semipsum,
951 1571 996 1603 v.
1019 1557 1134 1605 124.
1155 1552 1347 1621 ἐ’μμσνοιι,
1371 1573 1417 1604 v.
1436 1559 1553 1609 217.
1575 1564 1627 1605 et
1641 1571 1730 1621 pro
1744 1551 2004 1622 pandentes,

172 1653 218 1687 v.
229 1640 309 1686 82.
318 1635 573 1694 assuimur,
584 1651 629 1683 v.
644 1638 760 1685 218.
777 1644 924 1701 atque
945 1636 1109 1686 multis
1126 1637 1175 1687 id
1189 1641 1346 1704 genus
1365 1639 1483 1700 aliis,
1494 1639 1705 1688 scribere
1722 1635 1873 1696 ἴαται,
1888 1634 2006 1686 κοτί-

174 1738 308 1778 cmu,
326 1715 586 1781 σησάμης,
604 1714 1080 1788 ibana—panderes»,
1104 1718 1336 1782 uncino-ar,
1360 1726 1451 1770 διο.
1474 1721 1686 1788 postulat
1708 1720 1838 1770 enim
1861 1717 2007 1768 metri

173 1800 298 1851 ratio
317 1809 377 1849 ut
398 1799 539 1859 ictus,
565 1800 649 1865 qui
671 1813 864 1867 semper
887 1801 936 1850 in
962 1803 1179 1852 vocalem
1197 1812 1313 1852 ante
1338 1803 1635 1870 duplicatam
1659 1808 2011 1853 consonantem

170 1882 359 1944 incidit,
394 1883 510 1933 huic
532 1883 665 1934 brevi
690 1883 844 1933 vocali
879 1883 1011 1935 idem
1046 1894 1240 1952 tempus
1263 1886 1446 1936 tribuat
1482 1901 1543 1935 ac
1581 1886 1623 1935 si
1663 1893 1837 1935 natura
1859 1884 2009 1949 longa

159 1973 311 2015 esset.
381 1963 478 2013 Vix
514 1964 835 2015 dubitandum
869 1975 947 2016 est
981 1964 1100 2033 quin
1136 1968 1337 2028 Lector,
1372 1968 1454 2017 cui
1494 1980 1636 2017 aures
1670 1976 1853 2018 teretes
1876 1958 2009 2026 sunt,

169 2047 363 2096 mollem
386 2056 437 2099 et
461 2046 755 2112 productum
779 2049 958 2097 vocalis
982 2062 1157 2099 sonum
1179 2051 1405 2118 accipere
1429 2064 1576 2116 quam
1598 2049 1743 2100 istum
1761 2048 1914 2117 sigma
1925 2048 2009 2120 fin-

170 2138 364 2194 gratum
415 2128 626 2188 sibilum,
674 2130 751 2179 vel
791 2143 997 2181 raucum
1034 2142 1087 2183 et
1121 2135 1435 2200 praefractum
1471 2132 1562 2183 rho
1600 2132 1814 2182 sonitum
1852 2130 2008 2180 malit.

167 2210 299 2259 ‘Hoc
315 2210 526 2260 indicata
542 2210 689 2270 volui,
729 2227 792 2262 ne
815 2214 940 2279 quis,
975 2215 1165 2264 ratione
1189 2215 1409 2265 nondum
1432 2223 1709 2281 perspecta,
1746 2213 1867 2264 mihi
1887 2213 2009 2264 vitio

172 2300 332 2342 vertat
352 2289 485 2359 quod
506 2293 814 2359 negligenter
834 2294 1050 2347 Editoris
1071 2313 1276 2348 munere
1298 2298 1499 2349 functus
1519 2298 1627 2348 sim.

242 2446 463 2497 Fortasse
483 2456 647 2498 autem
671 2448 838 2499 dicant
860 2450 1073 2517 quidam,
1113 2467 1193 2502 me
1214 2469 1315 2502 non
1346 2453 1502 2504 solum
1530 2452 1711 2520 Epicos
1733 2451 2009 2504 deformare

176 2543 345 2577 ausum
379 2544 503 2587 ene,
543 2531 633 2580 sed
655 2546 718 2580 ne
744 2532 963 2598 Tragicis
989 2533 1203 2600 quidem,
1246 2545 1347 2585 tam
1385 2536 1591 2603 pulchre
1630 2552 1661 2587 a
1701 2533 1860 2585 doctis
1897 2534 2011 2584 viris

177 2610 377 2669 ornatis,
410 2625 607 2660 manum
643 2614 948 2664 temerariam
982 2616 1286 2667 abstinuisse.
1357 2618 1488 2669 Pace
1511 2618 1763 2668 homiuum
1786 2617 2027 2675 istorum,x

116 2749 126 2756 ,
177 2691 293 2740 satis
313 2691 377 2740 sit
396 2691 669 2751 observare,
701 2706 815 2757 que
837 2699 1064 2743 novando
1084 2699 1197 2754 feci,
1229 2698 1447 2762 quamvis
1479 2696 1513 2745 ii
1547 2697 1625 2747 vel
1660 2688 1908 2765 nequeant
1928 2697 2010 2748 vel

180 2776 335 2825 nolint
374 2774 661 2842 intelligere.
697 2775 932 2843 exemplis
966 2786 1020 2827 et
1057 2779 1356 2845 argumentis
1390 2779 1496 2830 aliis
1530 2781 1580 2829 in
1613 2781 1734 2830 locis
1767 2796 1877 2831 esse
1905 2783 2010 2847 jam

179 2858 463 2908 confirmata
483 2857 652 2907 videri.
722 2857 821 2907 Sed
860 2874 1018 2925 pauca
1056 2860 1295 2912 duntaxat
1317 2879 1487 2913 eorum
1512 2863 1596 2913 hic
1619 2863 1833 2913 breviter
1855 2878 2010 2930 expo-

179 2955 296 2991 nere
331 2940 491 2998 liceat,
534 2939 773 2990 Studiose
808 2940 1104 3003 surrentum,
1140 2953 1193 2994 et
1215 2944 1476 2997 voluntatis
1497 2945 1820 3013 amicitiaeque
1843 2960 2009 3006 causa,

181 3022 355 3088 quibus
377 3022 596 3072 nonnulli
617 3022 707 3074 viri
730 3023 864 3073 docti
886 3034 940 3075 et
961 3024 1140 3075 eruditi
1167 3026 1497 3094 preceptores
1520 3042 1600 3078 me
1623 3026 1811 3095 dignati
1832 3038 1963 3078 sunt.

249 3183 462 3232 Primum
497 3185 714 3235 omnium
749 3186 961 3237 Dawesii
994 3188 1247 3239 canonem
1282 3190 1550 3242 rescribere
1584 3192 1764 3259 placet,
1798 3207 1864 3243 ne
1884 3205 2011 3243 meo

180 3265 432 3315 sententie
461 3266 618 3316 aliena
638 3269 927 3320 auctoritate
950 3270 1151 3320 omnino
1183 3287 1351 3323 carere
1386 3273 1658 3324 videantur.
1724 3274 1843 3324 Seil.
1874 3282 1913 3310 ‘⁸
1946 3273 2009 3324 In

181 3355 217 3378 “
250 3346 417 3399 metris
441 3346 684 3410 Iambicis,
717 3350 888 3411 lambi,
926 3351 1152 3417 Spondaei
1181 3362 1235 3403 et
1258 3355 1510 3423 Anapoesti
1545 3356 1595 3405 in
1629 3356 1865 3417 ultimam,
1902 3356 2011 3406 'm-

180 3434 215 3462 “
249 3428 417 3478 brachi
438 3437 492 3481 st
517 3429 717 3497 Dactyli
744 3431 795 3482 in
816 3431 1222 3487 mediam—ictus
1246 3436 1431 3488 cadit.”
1502 3437 1713 3490 Miscell.
1738 3438 1860 3491 crit.
1878 3438 2012 3491 Sect-
