2314 3906
537 342 569 387 4
860 318 874 330 ⁰
979 345 1182 394 No‘rAE
1208 346 1281 395 m
1305 346 1690 400 HOMERUM.

462 484 507 529 8.
546 480 578 506 '‘
614 474 695 539 qui
731 490 839 524 euni
878 476 1051 527 imitari
1088 479 1253 545 possit,
1291 481 1512 532 inventus
1546 483 1668 532 est.”
1737 484 1872 552 [Lib.
1898 486 1938 536 1.
1973 501 2078 554 cap.
2103 489 2183 551 5.]

546 540 725 590 Verum
750 543 995 593 enimvero
1018 547 1367 611 praeconiorum
1392 566 1500 615 quae
1523 550 1584 599 de
1615 566 1675 600 eo
1710 552 1894 618 antiqui
1926 554 2187 621 scriptores

541 608 784 682 memoriae
806 611 1141 676 prodiderunt,
1165 615 1241 665 vel
1265 632 1374 683 quae
1391 617 1436 670 ei
1451 617 1843 684 &recentioribus
1860 620 1987 680 tribu
2056 631 2184 679 sunt,

540 691 767 741 magnum
791 677 1002 744 aliquem
1026 697 1278 734 numerum
1303 683 1383 735 bic
1406 684 1622 752 proferre
1646 686 1787 739 uanis
1819 684 1947 742 ἴασι
2050 705 2186 755 gum,

539 754 592 793 et
613 745 673 792 ab
697 744 915 796 instituto
939 758 1104 799 nostro
1125 750 1352 801 alienum.
1423 753 1606 803 Eorum
1640 755 1848 820 amplam
1884 771 2088 807 messem
2112 756 2187 805 in-

540 811 701 860 veniet
722 813 876 862 lector
899 817 1116 867 curiosus
1139 818 1201 868 ad
1223 819 1370 870 finem
1402 820 1808 888 Gnomonologiae
1845 823 2067 883 Homeri,
2100 840 2189 890 per

540 879 870 931 doctissimum
905 884 1149 935 Jacobum
1185 886 1482 954 Duportum.
1550 889 1842 955 Quicunque
1876 900 2039 941 autem
2078 892 2189 941 Ho-

540 948 659 995 meri
682 950 1022 1001 exceilentiam
1046 952 1240 1020 penitus
1264 972 1561 1021 cognoscere
1597 957 1750 1023 cupit,
1772 958 1813 1007 is
1836 958 1997 1024 potius
2020 958 2188 1024 praeci·

539 1016 622 1079 pui
656 1015 804 1082 ipsius
840 1019 1006 1084 Bo‘e’toe
1039 1034 1190 1088 opera
1220 1022 1480 1090 diligenter
1515 1026 1805 1104 perscrutari
1839 1026 2007 1076 debet.
2074 1026 2189 1076 Sine

538 1082 712 1133 horum
736 1086 906 1137 intima
926 1089 1206 1154 cognitione
1229 1107 1374 1141 nemo
1397 1091 1613 1149 eruditus
1632 1092 1806 1142 merito
1825 1093 1990 1143 haberi
2013 1102 2189 1160 potest.

540 1151 638 1205 Qui
675 1152 880 1204 Homeri
923 1159 1150 1222 poemata
1184 1159 1393 1225 ignorat,
1422 1159 1540 1208 nihil
1579 1160 1683 1209 fere
1725 1159 1860 1210 novit
1893 1161 1956 1211 de
1992 1163 2192 1212 vetustis

536 1219 703 1269 mundi
727 1224 1040 1290 temporibus.

605 1289 780 1339 Liceat
814 1291 964 1356 igitur
998 1292 1138 1342 nobis
1176 1293 1439 1343 studiosam
1476 1297 1784 1359 juventutem
1820 1295 2093 1355 obsecrare,
2135 1306 2191 1346 ut

538 1373 774 1407 summam
796 1359 1116 1410 attentionem
1139 1361 1370 1411 adhibeat
1404 1362 1586 1428 ingenii
1621 1363 1945 1412 monumentis
1979 1380 2088 1430 quae
2111 1380 2191 1413 su·

537 1436 740 1491 persunt
773 1428 1131 1494 exquisitissimi
1166 1430 1310 1495 hujus
1344 1432 1518 1496 poe'tae.
1587 1432 1876 1496 Quanquam
1904 1431 2052 1491 enim,
2077 1447 2189 1480 cum

538 1494 825 1560 quibusdam
850 1513 914 1545 ex
929 1497 1126 1546 summis
1140 1498 1245 1563 ejus
1259 1498 1604 1558 laudatoribus,
1620 1499 1786 1548 dicere
1807 1498 2032 1548 nolumus
2046 1515 2191 1549 omne

537 1578 695 1628 genus
716 1564 933 1614 scientiae
956 1564 1007 1615 in
1030 1566 1229 1615 Homeri
1265 1566 1556 1616 carminibus
1591 1582 1733 1632 posse
1756 1566 1975 1628 inveniri,
1999 1567 2096 1618 boc
2118 1576 2191 1616 ta-

537 1646 652 1685 men
688 1631 974 1682 confirmare
1010 1634 1263 1695 audemus,
1301 1633 1502 1684 Iliadem
1542 1645 1595 1684 et
1634 1634 1904 1702 odysseam
1938 1634 2186 1685 abundare

537 1698 662 1753 adeo
695 1700 932 1752 immensa
964 1701 1196 1752 varietate
1231 1702 1498 1767 imaginum
1533 1711 1586 1751 et
1619 1701 2003 1760 similitudinum,
2042 1712 2190 1768 atque

537 1766 809 1822 incredibili
830 1785 1034 1819 numero
1056 1786 1218 1820 rerum
1241 1780 1506 1835 gestarum,
1542 1769 1718 1836 quibus
1740 1769 1990 1820 bominum
2014 1786 2191 1831 mores,

536 1834 698 1887 studia
730 1846 784 1886 et
818 1836 1020 1888 affectus
1059 1838 1123 1887 ad
1157 1837 1338 1898 vivum,
1373 1847 1430 1887 ut
1463 1838 1640 1900 dicam,
1677 1846 2101 1903 repraesentantur,
2138 1850 2193 1888 ut
2219 1844 2241 1875 N

536 1902 642 1954 fieri
676 1919 775 1954 non
810 1906 961 1970 possit
994 1905 1114 1971 quin
1147 1906 1343 1955 lectoris
1377 1906 1581 1965 animuS,
1606 1905 1687 1954 cui
1710 1905 1840 1955 acies
1862 1921 1961 1959 non
1997 1907 2193 1971 prorsus

535 1979 613 2022 est
634 1972 827 2033 obtusa,
860 1990 1103 2024 summum
1125 1973 1339 2024 fructum
1363 1983 1416 2023 et
1438 1973 1736 2038 voluptatem
1762 1972 1858 2022 una
1881 1974 2058 2038 capiat,
2080 1990 2192 2024 cum

537 2039 725 2105 ingenti
765 2041 972 2106 quadam
1012 2042 1332 2111 admiratione
1374 2043 1701 2106 conjunctam.
1771 2050 1804 2074 “
1840 2038 1975 2097 Quid
2013 2041 2192 2102 enim,'’

538 2117 594 2157 ut
628 2109 784 2158 verbis
821 2118 930 2158 utar
963 2109 1051 2158 viri
1087 2109 1374 2158 ornatissimi
1414 2109 1616 2159 Roberti
1652 2108 1835 2167 Louth,
1872 2117 1908 2142 “
1940 2109 2080 2169 uobis
2103 2126 2192 2160 usu

537 2183 574 2209 ‘⁶
609 2177 743 2233 venit
777 2177 1051 2232 Homerum
1085 2177 1397 2243 legentibus?
1419 2178 1553 2239 'Quis
1587 2187 1674 2234 est⁴
1698 2187 1797 2227 tam
1821 2178 1970 2239 iners,
1997 2186 2096 2229 tam
2120 2179 2193 2226 in-

539 2251 573 2277 “
609 2245 864 2304 humanus,
888 2262 1034 2311 quem
1059 2262 1156 2294 non
1181 2245 1450 2297 incredibili
1474 2245 1723 2310 voluptate
1745 2244 2024 2310 perfundat,
2047 2262 2191 2313 quem
2310 2288 2314 2309 ¹.

538 2319 574 2344 “
610 2329 708 2364 non
731 2324 925 2366 moveat
947 2323 1000 2363 et
1024 2314 1275 2379 percellat,
1309 2329 1497 2378 suoque
1533 2313 1680 2362 veluti
1716 2312 1929 2370 afflatum
1961 2313 2195 2372 instinctu

539 2388 572 2413 “
605 2397 775 2433 secum
797 2381 1006 2447 abripiat
1026 2381 1243 2430 divinum
1256 2381 1389 2430 illum
1409 2381 1655 2445 ingenium
1675 2379 1726 2431 3¹⁸-
1765 2382 1878 2446 [De
1898 2381 2033 2447 Sace,
2054 2381 2194 2432 Poes.

540 2447 698 2501 Hebr.
723 2449 863 2499 Proel.
886 2449 958 2513 1.]
1037 2448 1196 2500 Etiam
1222 2448 1347 2499 inter
1413 2449 1524 2497 sitio
1547 2449 1629 2497 illa
1650 2463 1709 2498 ac
1731 2447 2049 2498 ministerium
2076 2448 2195 2498 deo-

539 2531 666 2576 tum,
690 2532 799 2582 quae
823 2525 974 2567 totam
1000 2516 1203 2566 Iliadem
1226 2526 1277 2565 et
1302 2516 1347 2565 O
1383 2532 1570 2580 ysseam
1607 2515 1897 2580 pervadunt,
1919 2515 2191 2567 doctrinam

523 2599 846 2651 nequaquam
869 2584 1089 2640 inutilem
1109 2601 1221 2633 cum
1241 2584 1503 2633 lectoribus
1517 2582 1898 2636 communicant.
1969 2583 2194 2651 Namque

538 2652 606 2702 ibi
629 2651 749 2701 disci
774 2662 935 2718 potest
958 2652 1075 2717 quid
1095 2653 1379 2700 Graecorum
1396 2651 1712 2717 antiquissimi
1733 2660 1992 2700 censerent
2009 2662 2062 2702 et
2075 2669 2196 2719 quo·

537 2720 686 2773 modo
707 2729 912 2786 agerent
932 2719 994 2769 de
1018 2721 1163 2770 rebus
1186 2720 1387 2769 divinis:
1426 2720 1492 2768 Et
1515 2735 1791 2785 quanquam
1817 2719 2082 2786 Longinus
2092 2721 2197 2769 alii-

537 2804 635 2855 que
657 2789 815 2840 critici
841 2789 1113 2838 Homerum
1149 2789 1200 2837 in
1231 2805 1293 2838 eo
1327 2787 1764 2853 reprehenderunt,
1798 2787 1930 2853 quod
1956 2795 2195 2854 personas

537 2873 650 2910 nus
672 2857 858 2909 divinas
880 2857 944 2909 ad
967 2866 1152 2907 naturae
1176 2857 1401 2905 humanae
1423 2854 1807 2908 imbecillitatem
1829 2854 2091 2921 snpissime
2112 2856 2198 2913 de-

537 2924 735 2980 duxerit
755 2948 771 2987 ;
805 2924 908 2978 hoc
931 2934 1113 2984 tamen,
1139 2934 1389 2989 utcunque
1412 2940 1579 2972 verum
1604 2923 1683 2982 sit,
1714 2938 1906 2973 summo
1927 2925 2086 2989 po'e‘toe
2108 2940 2195 2976 ne-

538 3009 783 3060 quaquam
805 2993 923 3042 vitio
945 2991 1071 3043 verti
1091 2992 1353 3043 debuisset.
1424 2991 1550 3039 Nam
1572 2990 1612 3040 si
1636 2990 1755 3040 deos
1772 2990 1912 3047 aliter
1935 3006 2080 3057 quam
2104 3008 2195 3058 pro

537 3071 688 3127 captu
709 3060 843 3127 vulgi
865 3070 1213 3127 repraesentare
1232 3069 1435 3110 conatus
1453 3068 1597 3118 esset,
1622 3059 1718 3110 boc
1735 3058 2078 3125 philosophum
2095 3076 2194 3111 non
2275 3126 2277 3130 ι

605 3131 732 3183 ”tam
752 3129 926 3181 fuisset
947 3144 1126 3195 agere;
1159 3138 1308 3195 atque
1343 3129 1392 3175 in
1426 3128 1523 3178 una
1545 3136 1683 3192 parte
1706 3127 1823 3179 artis
1844 3143 1944 3179 sun
1965 3143 2019 3180 se
2049 3128 2195 3195 plane
2305 3141 2314 3148 ·

571 3199 777 3264 ospitem
813 3197 1100 3250 ostendere:
1136 3196 1330 3263 Quippe
1368 3195 1575 3247 Homeri
1609 3194 1703 3245 suit
1736 3194 1856 3248 deos
1887 3211 2021 3258 mos,
2048 3198 2194 3263 Juxta

536 3276 684 3332 atque
707 3266 883 3317 heroas
902 3265 1156 3326 exhibere,
1179 3281 1276 3318 non
1302 3265 1470 3330 quales
1493 3279 1599 3314 esse
1614 3263 1893 3324 debuerint,
1906 3263 2007 3321 »ed
2025 3264 2193 3330 quales

535 3334 664 3386 flama
700 3335 1021 3403 accepisset&
1091 3335 1152 3384 ln
1189 3332 1288 3384 hoc
1330 3333 1495 3399 igitur,
1533 3341 1588 3382 ut
1624 3331 1674 3382 in
1713 3331 1876 3385 multia
1913 3331 2035 3393 affin,
2078 3347 2190 3384 cum

957 3489 979 3511 0
1013 3485 1120 3526 Vide
1142 3485 1252 3527 Sam.
1273 3485 1423 3527 Clarke
1442 3485 1495 3527 nd
1511 3483 1649 3588 lli-113
1660 3484 1702 3531 A.
1717 3488 1762 3523 ξ..
