2314 3906
473 315 504 359 6
935 311 1141 361 NOTAE
1168 311 1239 361 IN
1271 310 1431 363 HOM
1440 308 1658 362 ERUM.

481 445 1447 577 &mizfffsszssssgst’zsslz‘sxffiz
1464 444 1844 579 ἒξῑεέῗῗΐὲὲι
1857 443 2129 570 :xlm

483 581 535 629 in
574 580 663 628 illis
696 579 904 643 antiquis
941 580 1109 629 mundi
1143 581 1457 646 temporibus,
1495 590 1550 631 ut
1581 579 1757 629 summi
1790 578 1947 645 poeto
1979 595 2131 647 opera

486 645 867 713 promptuarium
891 646 1136 712 quoddam
1157 649 1374 699 scientiae
1406 648 1710 699 heroicarum
1732 656 1932 702 etatum
1950 646 2130 701 marito

487 714 652 763 haberi
675 713 859 778 possint
877 714 1174 773 3-scientiae
1197 732 1293 766 non
1318 716 1514 782 quidem
1547 714 1854 781 acquirenda
1875 730 1939 775 ,ex
1951 712 2133 780 Μαί·

485 793 537 832 et
558 780 811 830 abstractis
832 780 1079 848 principiis
1101 798 1160 832 ac
1181 800 1339 849 praece
1376 783 1454 843 tis,
1476 783 1563 834 sed
1580 785 1641 832 ab
1658 781 1895 848 exemplis
1909 781 1963 831 in
1980 779 2134 832 actio·

486 849 624 898 nibus
649 858 700 897 et
723 846 974 899 affectibus
997 850 1219 901 humanis
1240 862 1293 901 et
1363 852 1499 900 ivinis
1533 850 1779 908 exhibitis,
1813 859 1867 900 st
1898 848 2036 916 quasi
2068 846 2134 898 ob

485 916 651 966 oculos
675 916 857 981 positis,
881 916 1009 967 ultrd
1033 918 1331 983 profluentis.
1402 918 1592 968 Horum
1617 927 1779 968 autem
1793 916 2135 983 exemplorum

487 992 621 1032 tanta
643 994 718 1032 est
751 984 972 1042 varietas,
1008 998 1188 1051 quanta
1221 987 1396 1036 nullius
1431 987 1638 1035 hominis
1671 985 2008 1039 observationi,
2045 981 2137 1032 nisi

485 1067 672 1101 summo
695 1050 891 1116 ingenio
914 1062 965 1101 et
987 1063 1152 1103 mente
1174 1054 1586 1121 perspicacissima
1606 1069 1665 1103 ac
1681 1052 1807 1119 pene
1829 1051 1988 1102 divina
2011 1065 2138 1118 prae-

486 1118 592 1178 diti,
616 1135 828 1184 unquam
853 1120 1095 1171 obversari
1118 1123 1370 1187 potuisset.
2045 1160 2051 1166 ·

555 1186 687 1241 Quin
708 1196 761 1236 et
784 1188 946 1238 omnia
967 1189 1074 1238 haec
1098 1190 1275 1239 tradita
1296 1199 1411 1240 suut
1432 1189 1647 1239 dictione
1662 1188 1796 1245 ‚adeo
1819 1185 2137 1254 copiosae!-

486 1254 694 1320 ‹lemque
717 1254 939 1320 simplici,
963 1256 1132 1316 nitida,
1166 1258 1287 1322 pura
1320 1274 1379 1307 ac
1414 1257 1652 1314 dilucida;
1685 1257 1812 1306 aden
1845 1257 1910 1306 ad
1941 1263 2140 1305 senten-

486 1323 619 1378 tiam,
642 1322 742 1371 sive
766 1338 826 1372 ea
847 1323 911 1372 sit
931 1324 1165 1384 sublimis,
1187 1325 1288 1374 sive
1311 1325 1586 1383 mediocriS,
1619 1341 1708 1374 seu
1741 1322 1952 1383 humilis,
1969 1320 2137 1387 expri-

486 1387 710 1439 mendam
735 1392 1116 1448 accommodata,
1139 1402 1197 1441 ut
1214 1386 1368 1442 ‘etiam
1395 1393 1555 1445 bacin
1579 1402 1717 1458 parte
1739 1391 1910 1458 optimi
1931 1392 1982 1441 in
2005 1386 2139 1439 omni

487 1474 592 1506 aevo
624 1458 781 1507 critici
818 1458 880 1507 ad
918 1459 1193 1509 Homerum
1226 1477 1418 1526 semper
1451 1462 1639 1510 summa
1673 1476 1787 1518 cum,
1819 1456 2138 1509 admiratione

489 1526 807 1592 respexerint.
894 1526 974 1576 De
1005 1543 1066 1576 eo
1102 1529 1306 1594 loquens
1336 1528 1821 1590 Aristoteles—Aila,
1853 1527 2029 1592 inquit,
2059 1526 2140 1575 ιιι)

490 1593 649 1660 διανοίᾳ
670 1596 837 1651 «σίκαις
869 1593 1158 1663 ὖπςςὲςληκι.
1233 1598 1345 1662 [De
1374 1597 1509 1645 Poet.
1545 1612 1651 1662 cap.
1675 1597 1790 1660 24.]
1866 1603 1900 1628 ‘⁸
1934 1588 2139 1650 fluum„

488 1662 646 1727 inquit
668 1661 1040 1722 Quinctilianus,
1065 1672 1097 1695 ‘⁸
1121 1680 1264 1713 nemo
1295 1664 1344 1712 in
1379 1664 1567 1729 magnis
1600 1663 1913 1722 sublimitate,
1946 1661 1996 1710 in
2029 1674 2142 1727 pnr-

492 1738 524 1762 “
561 1729 630 1777 vis
653 1730 948 1796 proprietate
971 1732 1283 1795 superaverit.
1321 1731 1458 1780 Idem
1482 1732 1620 1782 laetus
1645 1747 1706 1781 ac
1734 1745 1944 1797 pressus,
1960 1731 2141 1795 jucun·

491 1805 524 1828 “
558 1796 650 1861 dus
684 1806 737 1846 et
770 1798 945 1863 gravis,
981 1807 1086 1847 tum
1121 1800 1279 1865 copia,
1314 1808 1417 1848 tum
1452 1800 1707 1855 brevitate,
1748 1797 2011 1848 mirabilisz
2044 1810 2139 1845 nec

490 1872 525 1897 ‘⁴
561 1864 755 1930 poetica
777 1865 937 1923 modo,
972 1866 1061 1915 sed
1095 1867 1306 1916 oratoria
1339 1868 1517 1917 virtute
1552 1864 2006 1923 eminentissimum’'
2071 1862 2142 1912 Et

489 1931 635 1997 paulo
658 1941 769 1997 post
787 1940 905 1982 :—“
931 1933 1114 1982 Verum
1139 1935 1222 1983 hic
1247 1950 1413 1982 omnes
1435 1935 1538 1984 sine
1565 1934 1729 1991 dubio,
1754 1942 1807 1982 et
1829 1932 1879 1983 in
1901 1931 2035 1982 omni
2053 1946 2143 1997 ge-

491 2009 526 2031 “
562 2015 680 2048 nere
703 2000 994 2065 eloquentiae
1017 2002 1188 2066 procul
1212 2002 1242 2050 a
1264 2018 1316 2051 se
1341 2001 1584 2067 reliquit.’'
1661 2001 1812 2068 [lust.
1837 2001 2034 2060 Orator,
2057 1999 2142 2050 lib.

491 2066 555 2116 X.
579 2083 685 2132 cap.
709 2069 788 2132 5.]
867 2068 1110 2118 Rhetores
1133 2069 1349 2135 quidem,
1390 2069 1563 2129 critici,
1603 2078 1656 2119 et
1694 2068 2014 2134 grammatici,
2043 2081 2146 2116 non

490 2135 647 2184 solum
671 2136 800 2184 varia
822 2135 1116 2202 eloquentiae
1137 2153 1320 2203 genera
1342 2138 1391 2186 in
1414 2138 1555 2187 variis
1578 2137 1892 2197 orationibus,
1906 2153 2016 2203 quae
2033 2151 2144 2202 per-

491 2203 621 2252 sonis
643 2203 948 2268 loquentium
972 2204 1093 2254 mire
1117 2206 1431 2266 conveniunt,
1466 2206 1597 2272 apud
1621 2212 1885 2255 Homerum
1909 2205 2145 2254 illustrata

491 2271 965 2329 animadverterunt;
999 2273 1087 2322 sed
1120 2283 1172 2323 et
1205 2272 1387 2324 ibidem
1422 2283 1709 2341 repererunt
1730 2273 1958 2340 exempla
1979 2270 2148 2337 copio-

490 2338 676 2388 sissima
697 2339 912 2388 omnium
936 2341 1165 2390 orationis
1187 2351 1239 2391 et
1271 2352 1533 2408 syntaxeos
1568 2343 1795 2409 partium,
1829 2340 2143 2406 omniumque

491 2405 719 2461 dictionis
742 2416 993 2472 troporum
1014 2425 1076 2459 ac
1098 2409 1378 2475 figurarum,
1416 2411 1583 2476 quales
1604 2420 1718 2469 sunt
1739 2409 2052 2474 metaphorae,
2074 2407 2146 2456 al·

491 2473 705 2540 legoriae,
751 2476 1118 2541 prosopopoeiae,
1164 2487 1310 2542 atque
1351 2478 1401 2525 id
1444 2494 1601 2542 genus
1645 2477 1756 2537 alia,
1803 2492 1912 2542 quae
1955 2474 2147 2526 scilicet

492 2557 687 2591 suarum
728 2551 806 2591 est
840 2543 1015 2592 artium
1044 2544 1320 2610 singulatim
1355 2561 1612 2602 enarrare;
1645 2544 1731 2594 sed
1762 2560 1968 2610 quorum
2001 2559 2144 2593 usum

494 2609 702 2666 Homeri
734 2610 981 2675 ingenium
1005 2621 1151 2677 atque
1182 2629 1320 2662 mens
1351 2613 1556 2663 divinior
1586 2614 1647 2662 ab
1682 2612 1786 2678 ipsa
1811 2611 1999 2663 Natura
2019 2610 2145 2660 didi-

493 2676 616 2727 cisse
641 2678 1015 2728 videtur.—Sed
1051 2697 1113 2729 ne
1150 2681 1342 2747 longius
1378 2681 1427 2729 in
1451 2698 1676 2748 campum
1701 2681 1833 2730 hunc
1857 2680 2146 2741 immensum

493 2746 799 2812 progredior,
838 2747 948 2815 (ubi
971 2747 1251 2814 quicunque
1277 2749 1549 2799 Homerum
1566 2748 1711 2815 justis
1733 2748 1957 2798 laudibus
1978 2762 2146 2814 prose-

494 2814 578 2879 qui
601 2830 856 2879 aggressus
871 2816 1034 2873 fuerit‚
1051 2816 1160 2866 finis
1178 2817 1222 2866 ei
1239 2817 1646 2883 circumspicienti
1659 2831 1894 2882 nusquam
1908 2830 2165 2882 apparere.

494 2880 727 2949 videtur,)
753 2882 869 2931 mihi
893 2884 1081 2933 tantum
1106 2885 1361 2934 observare
1385 2884 1547 2945 liceat,
1566 2883 1797 2951 quicquid
1815 2884 2027 2935 animum
2052 2883 2147 2946 hu-

495 2959 694 2999 manum
718 2948 1025 3000 heroicorum
1049 2951 1318 3001 facinorum
1341 2952 1659 3004 admiratione
1683 2953 1732 3001 in
1750 2949 1956 3013 sublime
1972 2951 2148 3016 rapiat,

494 3016 729 3084 quicquid
749 3017 982 3079 laetitiam,
1004 3019 1207 3079 luctum,
1240 3019 1635 3078 misericordiam,
1671 3029 1971 3086 ceterosque
2002 3016 2152 3068 affec-

495 3095 592 3145 tus,
616 3102 822 3151 quorum
846 3086 1199 3137 exercitatione
1233 3097 1319 3138 aut
1353 3089 1392 3137 is
1426 3089 1568 3139 valde
1604 3088 1892 3146 delectatur,
1926 3094 2012 3137 aut
2033 3102 2147 3152 pro-

494 3162 736 3214 movetur,
759 3154 962 3212 excitet,
987 3155 1037 3204 id
1056 3172 1199 3205 omne
1223 3156 1380 3207 inesse
1403 3156 1696 3207 carminibus
1720 3155 1934 3206 Homeri.
1970 3154 2149 3220 Neque

498 3220 701 3271 effectus
736 3221 787 3271 hi
827 3222 971 3289 plane
1010 3223 1279 3274 admirandi
1318 3241 1383 3292 ert
1428 3224 1679 3275 incondita
1701 3240 1862 3274 rerum
1885 3231 2151 3289 gestarum,

500 3287 898 3354 descriptionum,
935 3292 1034 3341 autv
1060 3293 1388 3342 narrationum
1429 3293 1660 3358 congerie
1696 3292 1944 3348 oriuntur«
1975 3288 2063 3339 aed
2097 3288 2149 3337 in

501 3355 653 3405 Iliade
676 3367 727 3406 et
746 3358 968 3423 Odyssea
990 3360 1280 3410 exhibentur
1303 3361 1402 3410 duo
1424 3360 1748 3427 pulcherrima
1764 3373 1928 3426 opera,
1942 3372 2150 3423 quorum

501 3433 663 3486 partes
686 3434 783 3473 tam
806 3426 933 3477 bene
950 3438 1064 3478 sunt
1086 3429 1344 3494 dispositae,
1377 3445 1642 3496 omnesque
1676 3438 1777 3479 tam
1807 3425 1923 3492 apte
1946 3426 2074 3473 inter
2094 3440 2148 3473 se

506 3504 757 3548 connexoe,
781 3503 836 3542 ut
860 3497 1085 3562 exempla
1106 3497 1268 3548 adhuc
1282 3497 1635 3548 absolutissima
1650 3494 1897 3563 prebeant
1916 3491 2150 3542 nobilissi-
