2314 3906
459 308 518 353 10
929 305 1136 355 NOTAE
1159 305 1234 353 ΙΝ
1261 303 1644 356 HOMERUM.

367 448 413 495 3.
447 453 614 495 rantur
635 458 782 494 unum
805 450 880 490 est
902 441 964 488 de
987 455 1084 503 quo
1108 438 1266 487 nullus
1290 438 1488 489 omnino
1511 438 1800 491 dubitationi
1822 442 2088 494 locus-cna

445 513 610 579 pouit,
644 526 756 562 eum
791 508 965 571 nempe
999 506 1252 571 egregium
1285 506 1431 556 fuisse
1466 507 1892 573 peregrinatorum.
1961 509 2088 578 lpse,

442 591 670 646 tanquam
695 592 810 625 suus
836 574 1052 640 Ulysses,
1497 610 1502 618 .
1877 594 1879 598 ι
1910 606 1914 611 ,
1980 601 1987 621 ,,
2042 602 2052 608 .

778 694 1165 746 —multorum
1179 697 1409 763 providus
1433 696 1571 748 urbes
1587 717 1605 748 .-

779 766 1023 837 Etwmores
1045 763 1283 815 bominum
1305 765 1525 833 inspexit.

441 890 554 939 Hoc
577 904 770 956 quoque
794 903 859 937 ex
884 885 1174 937 carminibus
1196 887 1301 952 ejus
1323 886 1517 954 passim,
1533 894 1585 937 et
1606 886 1871 953 praesertim
1889 884 1925 946 ,ὃ
1946 891 2085 955 parte

437 958 702 1023 posteriore
724 955 831 1005 libri
854 953 1055 1004 secundi
1079 953 1257 1015 Iliadis,
1294 954 1376 1021 qui
1407 953 1665 1023 Catalogus
1698 954 1842 1021 vulgo
1866 957 2086 1020 vocatur,

436 1025 872 1074 manifestissimum
897 1034 986 1072 est.
1056 1021 1183 1071 Haec
1217 1022 1364 1081 enirn,
1400 1025 1461 1073 ca
1483 1039 1580 1089 qua
1605 1022 1850 1072 Homerus
1873 1021 1996 1072 vixit
2017 1037 2087 1071 ω-

434 1102 552 1152 tate,
575 1091 607 1142 a
628 1091 820 1142 nemine
855 1089 1079 1155 componi
1115 1090 1368 1156 potuisset,
1403 1089 1493 1139 nisi
1527 1090 1588 1139 ab
1624 1090 1705 1139 illo
1740 1089 1822 1156 qui
1857 1089 2084 1155 regiones

432 1159 498 1209 ibi
522 1159 786 1226 descriptas
810 1159 911 1224 ipse
935 1157 1137 1207 visisset.
1208 1157 1394 1207 Volunt
1427 1157 1643 1206 nonnulli
1678 1173 1787 1207 eum
1821 1156 1970 1206 fuisse
1993 1150 2087 1207 Β·

430 1227 650 1294 gyptium
674 1243 871 1293 genere,
906 1242 971 1275 ex
1006 1225 1152 1274 domo
1177 1223 1346 1273 illustri
1371 1233 1422 1273 et
1443 1225 1593 1289 regia,
1617 1221 1957 1273 liberalissimis
1978 1228 2083 1274 stu-

431 1295 521 1343 diis
544 1295 804 1344 educatum
826 1315 840 1350 ;
861 1309 1071 1358 eumque
1094 1291 1270 1340 divitiis
1293 1293 1610 1357 omnibusque
1626 1292 1778 1357 copiis
1793 1292 2081 1341 instructum

430 1363 603 1413 itinera
624 1379 712 1412 sua
735 1361 1017 1412 confecisse.
1090 1359 1189 1408 Sed
1222 1359 1328 1408 haec
1364 1360 1528 1424 opinio
1563 1359 1707 1408 nullis
1728 1359 1914 1409 idoneis
1935 1374 2083 1429 argu-

430 1430 606 1480 mentis
630 1430 958 1479 confirmatur.
991 1426 1308 1476 verisimilius
1332 1427 1543 1487 videtur,
1568 1426 1699 1492 quod
1722 1426 1960 1477 affirmant
1980 1425 2081 1488 alii,

429 1514 540 1547 eum
565 1508 822 1557 ΛΟΙΔΟΝ,
845 1498 946 1546 sive
981 1497 1142 1544 Vatem
1165 1503 1423 1554 errantem,
1437 1494 1602 1553 fuisse,
1625 1505 1677 1543 et
1690 1494 1843 1544 varias
1856 1494 2083 1561 regiones

427 1566 517 1615 sub
551 1566 646 1615 hac
682 1565 890 1631 persona
926 1563 1223 1630 peragrasse,
1266 1562 1435 1611 domos
1470 1562 1740 1628 principum
1778 1560 2080 1630 aliorumque

426 1630 629 1683 divitum
654 1633 1062 1699 frequentantem,
1097 1638 1149 1680 et
1171 1646 1339 1680 omnes
1362 1629 1425 1680 ad
1448 1646 1569 1695 quos
1591 1629 1764 1679 adierit
1785 1629 1958 1679 divinis
1979 1630 2079 1680 suis

427 1701 681 1750 cantilenis
703 1700 824 1749 mire
848 1700 1220 1749 declectantem.
1278 1696 1607 1763 [Blackwell's
1630 1697 1854 1766 Enquiry
1875 1697 1976 1747 into
1999 1697 2080 1748 tlte

425 1769 542 1836 Life
562 1769 664 1819 and
704 1769 935 1834 Writings
970 1766 1034 1832 of
1056 1766 1258 1824 Homer,
1297 1767 1420 1814 Sect.
1441 1765 1568 1829 viii.]
1645 1765 1819 1815 Fertur
1841 1774 2079 1833 praeterea

425 1835 701 1886 Homerum
719 1836 865 1885 fuisse
881 1850 1093 1884 coecum:
1132 1842 1183 1882 et
1208 1833 1347 1882 multi
1365 1832 1620 1882 credidere
1635 1849 1748 1882 eum
1766 1833 1856 1888 sub
1871 1848 2080 1899 persona

422 1903 716 1963 Demodoci,
740 1901 860 1953 coeci
885 1901 1005 1952 vatis
1028 1900 1157 1967 regis
1193 1900 1409 1961 Alcinoi,
1437 1909 1594 1950 semet
1627 1901 1785 1967 ipsum
1818 1900 2079 1963 adumbra-

421 1980 525 2035 tum
550 1971 754 2023 voluisse
773 1990 787 2022 ε

625 2115 704 2164 Tb·
728 2109 819 2179 πέςι
842 2108 960 2160 Milo-⁸
982 2107 1163 2169 ἐφίλησα,
1187 2104 1283 2158 δι’ἓυ
1304 2104 1343 2156 δ’
1364 2106 1524 2169 ὦγαθέ,
1546 2127 1606 2164 τι,
1629 2105 1759 2158 xaexo'r
1775 2127 1839 2169 τι,
1879 2106 1881 2108 ’

622 2181 875 2244 Οφθειλμὸν
896 2176 969 2243 μὲν
987 2174 1159 2245 ἅμερα-ι,
1182 2173 1279 2226 2128
1297 2172 1335 2224 δ’
1357 2173 1496 2230 §afim
1518 2173 1667 2228 bonbar.

1572 2243 1751 2309 Odyss,
1770 2241 1832 2304 θ’,
1854 2245 1939 2296 63.

419 2371 519 2422 Sed
540 2379 592 2420 et
613 2371 717 2437 ipsa
739 2369 847 2434 ejus
883 2365 1075 2417 caecitas
1111 2365 1141 2414 ὲ
1175 2365 1418 2415 nonnullis
1452 2374 1675 2432 negatur.
1745 2372 1779 2399 ⁸‘
1816 2363 2069 2433 Traditum

411 2447 445 2474 “
481 2439 604 2497 est,'’
641 2440 799 2502 inquit
824 2435 1016 2491 Cicero,
1054 2442 1088 2466 “
1114 2434 1387 2482 Homerum
1425 2448 1610 2482 caecurn
1634 2430 1796 2483 fuisse.
1868 2432 2070 2500 At'ejits

410 2513 446 2542 “
481 2508 738 2572 picturam,
763 2519 860 2551 non
895 2502 1063 2568 poe'sin
1087 2500 1321 2549 videmus.
1391 2501 1514 2554 Quae
1537 2500 1690 2565 regio,
1726 2517 1835 2568 quae
1857 2516 1959 2563 ora,
1983 2503 2068 2569 qui

409 2583 446 2608 ‘³
475 2574 616 2624 locus
652 2572 874 2629 Graeciae,
907 2585 1016 2636 quae
1038 2567 1226 2634 species
1261 2567 1511 2634 formaque
1546 2584 1739 2633 pugnae,
1777 2586 1886 2635 quae
1919 2570 2066 2630 acies,

376 2685 381 2690 .
408 2652 444 2675 “
478 2642 611 2708 quod
635 2639 909 2705 remigium,
934 2637 1016 2703 qui
1041 2644 1200 2685 motus
1224 2634 1492 2692 hominurn,
1517 2635 1600 2702 qui
1622 2636 1852 2698 ferarum,
1875 2653 1975 2687 non
1996 2639 2067 2690 ita

406 2719 442 2744 ‘⁸
477 2709 699 2775 expictus
724 2718 814 2767 est,
840 2716 895 2754 ut
918 2706 1026 2771 quae'
1061 2704 1164 2770 ipse
1199 2713 1297 2752 non
1332 2702 1524 2764 viderit,
1560 2719 1648 2752 nos
1684 2714 1739 2754 ut
1773 2705 2095 2766 videremus?

405 2787 442 2811 “
475 2777 691 2828 effecerit
709 2777 768 2826 ?'’
846 2771 1078 2840 [Tuscul.
1114 2770 1253 2838 Disp.
1278 2770 1340 2820 V.
1376 2772 1489 2835 39.]
1523 2829 1527 2837 ‚
1565 2779 1602 2804 “
1637 2771 1955 2835 Homerum,''
1987 2774 2063 2825 in·

404 2846 511 2913 quit
550 2844 764 2894 Velleius
804 2840 1107 2900 Paterculus,
1144 2845 1179 2870 ⁴⁶
1213 2839 1253 2888 si
1288 2838 1396 2904 quis
1429 2854 1615 2887 caecum
1647 2840 1866 2905 genitum
1901 2851 2061 2908 putat,

403 2924 436 2949 ‘⁸
473 2913 696 2963 omnibus
734 2910 952 2960 sensibus
993 2908 1140 2956 orbus
1163 2908 1291 2956 est.’'
1368 2905 1509 2972 [Lib.
1532 2907 1570 2957 1.
1595 2923 1638 2957 c.
1666 2909 1742 2972 ν.]
1816 2909 2060 2960 Potuisset

402 2991 567 3031 tamen
591 2980 671 3029 ille
695 2989 867 3045 captus
888 2992 993 3026 esse
1017 2974 1169 3024 oculis
1193 2975 1241 3022 in
1265 2984 1552 3023 senectute:
1575 2991 1676 3024 rem
1693 2976 1822 3025 enim
1841 2986 1939 3026 tam
1959 2978 2058 3030 late

402 3050 699 3115 divulgatam
725 3047 855 3097 omni
880 3044 1081 3095 veritate
1106 3058 1273 3092 carere
1309 3042 1391 3090 vix
1426 3042 1681 3093 verisimile
1715 3055 1805 3094 est.
1874 3046 2057 3108 Quum,

400 3119 529 3167 inter
554 3117 705 3166 varias
729 3115 953 3181 regiones
970 3112 1032 3161 ad
1051 3126 1169 3176 quas
1184 3110 1277 3159 iter
1290 3110 1517 3169 faciebat,
1536 3112 1750 3172 Samum,
1769 3113 1990 3166 Athenas
2003 3125 2058 3169 et

400 3187 490 3235 Ion
515 3186 711 3236 adiisset
730 3205 746 3246 ;
782 3186 832 3232 in
857 3182 914 3231 10
937 3180 1133 3229 tandem
1154 3190 1372 3228 mortuus
1393 3178 1540 3227 fuisse
1555 3195 1614 3228 ac
1628 3180 1846 3246 sepultus
1858 3182 2056 3234 dicitur.

401 3254 583 3303 Incolae
605 3256 709 3319 eJus
731 3251 845 3310 loci,
867 3249 1046 3299 multos
1069 3257 1179 3314 post
1202 3262 1368 3306 annos,
1405 3257 1772 3297 monumentum
1808 3250 2055 3316 quoddam

332 3320 336 3331 '
401 3322 450 3369 in
474 3321 635 3370 littore
659 3321 803 3370 situm
828 3334 916 3385 pro
942 3316 1148 3366 Homeri
1171 3314 1433 3382 sepulchro
1457 3326 1725 3366 monstrare
1746 3317 2018 3368 solebant-0
2063 3318 2070 3331 ⁰

458 3478 493 3525 θ,
518 3474 656 3515 nodie
676 3482 898 3513 asservatur
928 3472 1133 3525 Petropoli
1160 3471 1204 3512 in
1221 3470 1350 3512 hortis
1370 3471 1543 3512 Comitis
1563 3472 1803 3526 strognnotr.
1826 3472 2047 3527 &noph-

400 3545 478 3588 ειη
505 3541 764 3573 marmoreus,
798 3527 917 3567 variis
935 3527 1076 3580 figuris
1093 3525 1260 3578 pulchre
1277 3532 1453 3572 ornatus,
1471 3526 1542 3578 qui
1560 3524 1584 3564 ὃ
1612 3524 1712 3565 muri
1747 3525 1892 3580 AEgoeo
1917 3527 2045 3570 ’elna
