2314 3906
367 2031 474 2077 111.

522 389 614 437 116
941 384 1145 435 NOTAE
1183 384 1256 433 IN
1297 382 1737 435 SOPHOCLEM.

517 542 641 575 mam
666 523 908 589 discipulis
930 525 1028 574 suis
1059 525 1166 576 viva
1198 539 1321 574 voce
1356 524 1610 574 enucleate
1644 523 1852 574 tradere.
1922 526 2001 576 Ad
2028 527 2158 576 hanc

517 611 618 642 rem
641 591 868 641 auxilium
891 591 1109 642 derivare
1132 602 1292 657 potest
1310 592 1371 641 ab
1393 592 1669 642 Aristotelis
1687 592 1750 641 de
1771 590 1971 644 Poetict
1985 593 2158 652 Libro,

515 662 666 724 iisque
690 658 770 723 qui
795 658 840 706 in
866 658 996 709 hunc
1013 660 1349 709 annotationes
1367 670 1416 709 et
1433 659 1805 710 commentarios
1822 651 2155 726 composuere.

520 726 677 790 [Vide
704 725 810 774 Vol.
834 725 875 774 1.
898 726 959 776 ad
985 745 1033 793 p.
1056 732 1172 779 313.
1196 743 1245 776 n.
1273 728 1349 792 1.]
1409 728 1571 777 Adest
1596 726 1860 793 praesertim
1884 726 2156 779 Aristotlo’s

519 794 735 842 Treatise
756 811 815 843 on
843 794 1044 863 Poetry,
1067 794 1334 845 translated
1361 794 1472 844 with
1502 796 1649 844 Notes
1673 793 1734 860 by
1765 793 1969 844 Thomas
1998 794 2155 846 Tnab-

511 861 2160 996 :1:123535321'1132553ss32¹¹33523532‘¹2:2¹¹52212120225ssf‘2ssssaet'23

516 997 819 1054 caractacus,
845 998 1099 1048 Dramatic
1123 998 1296 1048 Poems
1318 999 1505 1048 written
1529 1015 1589 1048 οη
1613 996 1692 1047 the
1715 996 1869 1046 model
1882 997 2034 1063 afilae
2052 998 2157 1048 An·

509 1064 629 1113 cient
657 1064 813 1114 Greek
841 1065 891 1115 T
885 1067 1066 1132 ragedy
1082 1084 1104 1123 ,-
1143 1064 1265 1116 with
1304 1067 1495 1115 Leuers
1530 1073 1579 1115 to
1611 1065 1708 1114 Dr.
1735 1065 1899 1114 Hurd.
1969 1065 2156 1115 Extant

509 1147 620 1180 cum
647 1133 816 1182 Poems
838 1132 899 1200 by
921 1135 992 1183 W.
1010 1134 1206 1194 Mason,
1228 1133 1306 1182 M.
1326 1134 1388 1182 Α.
1410 1136 1557 1187 1764.
1579 1137 1690 1182 Svo.
1715 1133 1830 1181 item
1850 1133 1924 1182 Le
1947 1132 2157 1183 Theatre

506 1200 588 1248 des
613 1201 777 1257 Grecs,
793 1218 892 1267 par
914 1202 1148 1271 Brumoy,
1181 1200 1394 1251 nouvelle
1427 1200 1622 1258 edition,
1650 1200 1813 1258 Paris,
1841 1202 1988 1260 1785,
2014 1201 2062 1250 in
2091 1204 2155 1251 13

506 1268 601 1316 voll
636 1268 685 1316 in
708 1271 869 1318 12mo.
915 1270 1103 1336 Voyage
1116 1270 1181 1318 du
1198 1269 1357 1318 Jeune
1372 1267 1663 1318 Anacharsis
1678 1283 1734 1315 en
1751 1267 1919 1326 Grece,
1937 1268 2017 1317 ch.
2034 1267 2154 1317 lxix.

508 1336 646 1451 guo?
682 1335 919 1387 indicatos
962 1337 1145 1387 videbit
1180 1335 1231 1384 in
1275 1336 1391 1386 Fab.
1430 1336 1536 1385 Bib.
1574 1334 1737 1385 Graec.
1771 1350 1817 1401 p.
1862 1337 1976 1386 162.
2019 1334 2154 1390 Edit.

562 1419 614 1452 ar
633 1419 699 1453 es.
1444 1442 1453 1451 .

878 1843 919 1893 1.
970 1843 1177 1895 NOTAE
1214 1845 1290 1894 IN
1329 1839 1774 1896 SOPHOCLEM.

502 1998 532 2030 ⁴*
550 1977 623 2048 Ε
670 2001 993 2067 Soumetia]
1082 2001 1350 2068 Sophocles
1398 2000 1585 2069 Sophili
1631 2002 1775 2059 filius,
1822 2001 2155 2074 Atheniensb,

502 2070 647 2133 po'e'ta
682 2069 895 2134 tragicus
929 2069 1162 2131 sublimis,
1200 2080 1341 2118 natus
1375 2083 1451 2119 est
1492 2071 1690 2137 Olymp.
1732 2069 1917 2127 ΙΑΧΧΙ,Ι
1953 2075 2002 2118 2.
2035 2078 2152 2120 unte

503 2136 620 2186 Chr.
664 2137 729 2186 N.
764 2141 866 2187 495
886 2157 902 2197 ;
943 2147 1054 2203 post
1091 2137 1381 2215 AEschylum
1422 2142 1520 2194 303
1567 2147 1682 2187 ante
1727 2137 2152 2216 EP‘iPffl‘mssffifi

501 2204 2151 2338 323133‘2‘233132‘2232iffgffiffinz'sstzzssfffizssafflifftsst

501 2355 607 2388 cam
633 2350 685 2388 et
706 2340 912 2389 saltandi
947 2349 1119 2398 artem,
1157 2342 1369 2406 Lampro
1410 2349 1729 2407 praeceptore,
1764 2340 1967 2399 didicit,
1999 2349 2150 2407 atque

504 2407 753 2457 Poe’ticam
777 2410 838 2457 ab
862 2407 1100 2473 AEschylo
1123 2408 1345 2466 edoctus,
1368 2408 1565 2474 ingenio
1581 2424 1671 2457 suo
1688 2408 1940 2473 tragoediae
1956 2410 2150 2474 provin-

501 2474 625 2523 ciam
650 2476 1108 2541 magnopereauxit
1130 2485 1183 2524 et
1205 2476 1407 2524 ornavit.
1479 2476 1652 2525 Forma
1682 2474 1903 2540 corporis
1921 2475 2148 2540 pulcher-

504 2542 624 2591 rima
643 2542 791 2591 fuisse
814 2542 1122 2608 praedicatur,
1146 2542 1277 2607 quod
1300 2543 1519 2591 nonnihil
1555 2542 1745 2592 decoris
1767 2542 1959 2592 addidit
1980 2543 2145 2593 excel-

500 2610 620 2658 lenti
642 2611 747 2675 ejus
764 2609 976 2675 ingenio,
995 2612 1134 2675 cujus
1154 2611 1342 2660 mature
1360 2610 1496 2659 dedit
1512 2610 1822 2660 documenta.
1896 2610 2021 2660 Nam
2035 2620 2146 2676 post

499 2675 748 2726 victoriam
776 2677 1099 2737 Salaminiam,
1121 2677 1203 2726 vix
1226 2693 1380 2727 annos
1406 2682 1470 2728 16
1501 2689 1658 2736 natus,-
1695 2677 1954 2744 epinicium
1977 2693 2148 2744 paeana

498 2746 713 2811 praelusit
734 2745 920 2795 cithara
942 2745 1266 2795 et-desaltavit
1283 2746 1682 2796 Atheniensibus.
1752 2745 1936 2812 Viginti
1953 2746 2145 2796 tantum

497 2828 733 2862 annorum
757 2814 864 2872 fuit,
889 2830 1037 2879 quum
1063 2813 1350 2879 tragoediam
1371 2829 1508 2863 suam
1542 2814 1745 2879 primam
1780 2812 1948 2874 edidit,
1971 2814 2148 2880 magis-

498 2891 725 2947 trumque
747 2898 888 2930 suum
914 2881 1200 2947 AEschylum
1227 2881 1275 2929 in
1299 2881 1486 2947 tragico
1508 2881 1922 2931 certaminevicit.
1956 2881 2144 2947 Viginti

496 2949 600 2998 fere
625 2950 849 2999 victorias
870 2951 974 3015 ejus
990 2949 1184 3015 generis
1202 2950 1446 3015 peperisse
1465 2949 1659 3000 dicitur.
1727 2947 1810 2997 Ex
1826 2948 2143 3015 multis-quas

495 3017 704 3083 scripsit,
728 3017 977 3085 tragoediis
1004 3027 1191 3083 septem
1226 3017 1415 3065 tantum
1451 3025 1727 3082 supersunt,
1766 3023 1876 3082 quae
1898 3017 2142 3067 omns-ain

495 3100 585 3134 suo
607 3083 789 3150 genere
824 3095 939 3135 suut
974 3083 1374 3151 exquisitissimas.
1444 3084 1666 3134 Formam
1701 3084 1879 3133 theatri
1917 3084 2142 3144 mutavit,

496 3169 656 3202 scenae
677 3151 1013 3202 ornamentum
1039 3162 1090 3203 et
1113 3152 1326 3219 picturas
1347 3152 1545 3217 adjecit,
1579 3164 1728 3218 atque
1748 3161 1861 3201 tres
1884 3151 2141 3202 histriones

496 3222 830 3287 colloquentes
852 3221 1059 3270 induxit.
1129 3220 1319 3286 Ingenii
1354 3221 1549 3286 quidem
1585 3219 1879 3270 sublimitate
1903 3218 2141 3286 AEschylo

494 3305 581 3352 par
604 3299 740 3338 erat:
770 3290 957 3355 judicio
976 3297 1142 3338 autem
1166 3299 1218 3337 et
1239 3288 1549 3338 accuratione
1568 3287 1715 3354 longe
1730 3287 1968 3354 superior.
2001 3286 2140 3337 Ptin-

494 3373 610 3422 ceps
635 3357 919 3406 Groecorum
955 3358 1205 3422 poetarum
1244 3357 1540 3421 tragicorum
1577 3357 1638 3406 ab
1673 3356 1779 3405 aliis
1809 3354 2098 3406 habituum
2119 3373 2134 3403 τ

494 3423 572 3470 alii
598 3425 803 3487 palmam
829 3425 1018 3474 tantum
1042 3440 1154 3473 cum
1192 3423 1425 3490 Euripide
1464 3424 1770 3490 participare,
1805 3422 1965 3472 velen
1988 3419 2136 3470 etiam

494 3491 766 3539 inferiorem
792 3509 914 3550 csse,
940 3492 1256 3541 contendunt.
1329 3492 1571 3556 Majorem
1591 3491 1785 3540 laudem
1806 3488 2054 3554 gravitatis
2076 3504 2138 3537 ac

493 3557 812 3616 sublimitatis,
834 3560 1202 3625 fabularumque
1225 3568 1483 3610 structurae
1505 3558 1788 3615 artificiose,
1820 3555 1956 3606 certe
1981 3572 2135 3606 mere·

462 3687 498 3711 ἱ
