<?xml version="1.0" encoding="UTF-8"?>
<!DOCTYPE html PUBLIC "-//W3C//DTD XHTML 1.0 Transitional//EN"
    "http://www.w3.org/TR/xhtml1/DTD/xhtml1-transitional.dtd">
<html xmlns="http://www.w3.org/1999/xhtml" xml:lang="en" lang="en">
 <head>
  <title>
</title>
<meta http-equiv="Content-Type" content="text/html;charset=utf-8" />
  <meta name='ocr-system' content='tesseract 3.04.00' />
  <meta name='ocr-capabilities' content='ocr_page ocr_carea ocr_par ocr_line ocrx_word'/>
</head>
<body>
  <div class='ocr_page' id='page_1' title='image "./collectaneagraec02dalz/collectaneagraec02dalz_0634.png"; bbox 0 0 2314 3906; ppageno 0'>
   <div class='ocr_carea' id='block_1_1' title="bbox 421 382 1650 436">
    <p class='ocr_par' dir='ltr' id='par_1_1' title="bbox 421 382 1650 436">
     <span class='ocr_line' id='line_1_1' title="bbox 421 382 1650 436; baseline 0.004 -6"><span class='ocrx_word' id='word_1_1' title='bbox 421 383 520 433; x_wconf 72' lang='lat'>248</span> <span class='ocrx_word' id='word_1_2' title='bbox 813 382 1020 432; x_wconf 79' lang='lat' dir='ltr'>NOTAE</span> <span class='ocrx_word' id='word_1_3' title='bbox 1056 383 1129 431; x_wconf 85' lang='lat' dir='ltr'>IN</span> <span class='ocrx_word' id='word_1_4' title='bbox 1167 383 1650 436; x_wconf 76' lang='lat' dir='ltr'>THEOCRITUM.</span> 
     </span>
    </p>
   </div>
   <div class='ocr_carea' id='block_1_2' title="bbox 279 517 2090 3640">
    <p class='ocr_par' dir='ltr' id='par_1_2' title="bbox 279 517 2090 3640">
     <span class='ocr_line' id='line_1_2' title="bbox 279 517 2051 595; baseline 0.01 -31"><span class='ocrx_word' id='word_1_5' title='bbox 279 517 395 567; x_wconf 74' lang='lat'><strong>215.</strong></span> <span class='ocrx_word' id='word_1_6' title='bbox 415 520 505 572; x_wconf 78' lang='lat' dir='ltr'>sed</span> <span class='ocrx_word' id='word_1_7' title='bbox 544 521 703 572; x_wconf 86' lang='lat' dir='ltr'>omnia</span> <span class='ocrx_word' id='word_1_8' title='bbox 735 522 928 584; x_wconf 70' lang='lat' dir='ltr'>poetam</span> <span class='ocrx_word' id='word_1_9' title='bbox 963 522 1180 573; x_wconf 84' lang='lat' dir='ltr'>indicant</span> <span class='ocrx_word' id='word_1_10' title='bbox 1213 525 1471 590; x_wconf 84' lang='lat' dir='ltr'>superioris</span> <span class='ocrx_word' id='word_1_11' title='bbox 1506 525 1701 575; x_wconf 84' lang='lat' dir='ltr'>ordinis.</span> <span class='ocrx_word' id='word_1_12' title='bbox 1784 526 2051 595; x_wconf 55' lang='lat' dir='ltr'>siverunt</span> 
     </span>
     <span class='ocr_line' id='line_1_3' title="bbox 416 586 2052 661; baseline 0.005 -22"><span class='ocrx_word' id='word_1_13' title='bbox 416 604 608 655; x_wconf 88' lang='lat' dir='ltr'>quoque</span> <span class='ocrx_word' id='word_1_14' title='bbox 634 586 850 652; x_wconf 82' lang='lat' dir='ltr'>quaedam</span> <span class='ocrx_word' id='word_1_15' title='bbox 875 590 1230 656; x_wconf 84' lang='lat' dir='ltr'>elegantissima</span> <span class='ocrx_word' id='word_1_16' title='bbox 1266 593 1626 659; x_wconf 80' lang='lat' dir='ltr'>Epigrammata</span> <span class='ocrx_word' id='word_1_17' title='bbox 1663 609 1773 661; x_wconf 76' lang='lat' dir='ltr'>quie</span> <span class='ocrx_word' id='word_1_18' title='bbox 1803 603 2052 655; x_wconf 60' lang='lat' dir='ltr'>ammom</span> 
     </span>
     <span class='ocr_line' id='line_1_4' title="bbox 413 654 2052 724; baseline 0.007 -20"><span class='ocrx_word' id='word_1_19' title='bbox 413 656 595 704; x_wconf 85' lang='lat' dir='ltr'>habent</span> <span class='ocrx_word' id='word_1_20' title='bbox 619 654 948 707; x_wconf 79' lang='lat' dir='ltr'>Theocritum.</span> <span class='ocrx_word' id='word_1_21' title='bbox 1019 658 1222 723; x_wconf 76' lang='lat' dir='ltr'>Scripsit</span> <span class='ocrx_word' id='word_1_22' title='bbox 1240 659 1453 710; x_wconf 83' lang='lat' dir='ltr'>dialecto</span> <span class='ocrx_word' id='word_1_23' title='bbox 1476 661 1659 711; x_wconf 60' lang='lat' dir='ltr'>Dorica</span> <span class='ocrx_word' id='word_1_24' title='bbox 1691 661 1966 724; x_wconf 76' lang='lat' dir='ltr'>recentiori,</span> <span class='ocrx_word' id='word_1_25' title='bbox 1996 673 2052 716; x_wconf 73' lang='lat' dir='ltr'>et</span> 
     </span>
     <span class='ocr_line' id='line_1_5' title="bbox 413 721 2054 794; baseline 0.007 -24"><span class='ocrx_word' id='word_1_26' title='bbox 413 722 654 771; x_wconf 85' lang='lat' dir='ltr'>interdum</span> <span class='ocrx_word' id='word_1_27' title='bbox 678 721 862 784; x_wconf 61' lang='lat' dir='ltr'>Ionica,</span> <span class='ocrx_word' id='word_1_28' title='bbox 898 734 953 775; x_wconf 89' lang='lat' dir='ltr'>ut</span> <span class='ocrx_word' id='word_1_29' title='bbox 986 725 1035 774; x_wconf 93' lang='lat' dir='ltr'>in</span> <span class='ocrx_word' id='word_1_30' title='bbox 1070 726 1245 792; x_wconf 89' lang='lat' dir='ltr'>Idyllio</span> <span class='ocrx_word' id='word_1_31' title='bbox 1268 739 1365 778; x_wconf 77' lang='lat' dir='ltr'>xit.</span> <span class='ocrx_word' id='word_1_32' title='bbox 1388 728 1520 794; x_wconf 88' lang='lat' dir='ltr'>quod</span> <span class='ocrx_word' id='word_1_33' title='bbox 1554 738 1716 779; x_wconf 85' lang='lat' dir='ltr'>tamen</span> <span class='ocrx_word' id='word_1_34' title='bbox 1750 728 2054 783; x_wconf 73' lang='lat' dir='ltr'>docti-imus</span> 
     </span>
     <span class='ocr_line' id='line_1_6' title="bbox 414 788 2053 860; baseline 0.006 -22"><span class='ocrx_word' id='word_1_35' title='bbox 414 788 591 838; x_wconf 83' lang='lat' dir='ltr'><strong>Daniel</strong></span> <span class='ocrx_word' id='word_1_36' title='bbox 617 789 847 841; x_wconf 77' lang='lat' dir='ltr'>Heinsius</span> <span class='ocrx_word' id='word_1_37' title='bbox 871 792 902 842; x_wconf 68' lang='lat' dir='ltr'>a</span> <span class='ocrx_word' id='word_1_38' title='bbox 924 793 1187 844; x_wconf 84' lang='lat' dir='ltr'>Theocrito</span> <span class='ocrx_word' id='word_1_39' title='bbox 1209 795 1469 860; x_wconf 79' lang='lat' dir='ltr'>abjudicat.</span> <span class='ocrx_word' id='word_1_40' title='bbox 1534 796 1615 846; x_wconf 93' lang='lat' dir='ltr'>De</span> <span class='ocrx_word' id='word_1_41' title='bbox 1638 796 1867 847; x_wconf 84' lang='lat' dir='ltr'>Dorismo</span> <span class='ocrx_word' id='word_1_42' title='bbox 1887 805 2053 848; x_wconf 75' lang='lat' dir='ltr'>autem</span> 
     </span>
     <span class='ocr_line' id='line_1_7' title="bbox 414 857 2055 916; baseline 0.007 -11"><span class='ocrx_word' id='word_1_43' title='bbox 414 857 706 908; x_wconf 89' lang='lat' dir='ltr'>Theocriteo</span> <span class='ocrx_word' id='word_1_44' title='bbox 730 859 926 910; x_wconf 70' lang='lat' dir='ltr'>uberius</span> <span class='ocrx_word' id='word_1_45' title='bbox 944 861 1170 911; x_wconf 77' lang='lat' dir='ltr'>disseruit</span> <span class='ocrx_word' id='word_1_46' title='bbox 1190 863 1441 913; x_wconf 86' lang='lat' dir='ltr'>Harlesius</span> <span class='ocrx_word' id='word_1_47' title='bbox 1459 863 1508 912; x_wconf 91' lang='lat' dir='ltr'>in</span> <span class='ocrx_word' id='word_1_48' title='bbox 1527 864 1934 916; x_wconf 73' lang='lat' dir='ltr'>commentatione</span> <span class='ocrx_word' id='word_1_49' title='bbox 1950 864 2055 916; x_wconf 84' lang='lat' dir='ltr'>edi-</span> 
     </span>
     <span class='ocr_line' id='line_1_8' title="bbox 410 925 2052 1000; baseline 0.006 -27"><span class='ocrx_word' id='word_1_50' title='bbox 410 925 531 973; x_wconf 90' lang='lat' dir='ltr'>tioni</span> <span class='ocrx_word' id='word_1_51' title='bbox 554 940 654 974; x_wconf 77' lang='lat' dir='ltr'>suae</span> <span class='ocrx_word' id='word_1_52' title='bbox 676 926 887 991; x_wconf 81' lang='lat' dir='ltr'>praefixa.</span> <span class='ocrx_word' id='word_1_53' title='bbox 958 930 1140 979; x_wconf 83' lang='lat' dir='ltr'>Praeter</span> <span class='ocrx_word' id='word_1_54' title='bbox 1163 929 1495 990; x_wconf 87' lang='lat' dir='ltr'>Theocritum,</span> <span class='ocrx_word' id='word_1_55' title='bbox 1530 932 1660 998; x_wconf 90' lang='lat' dir='ltr'>apud</span> <span class='ocrx_word' id='word_1_56' title='bbox 1695 931 1896 982; x_wconf 74' lang='lat' dir='ltr'>Graecos</span> <span class='ocrx_word' id='word_1_57' title='bbox 1929 948 2052 1000; x_wconf 88' lang='lat' dir='ltr'>quo-</span> 
     </span>
     <span class='ocr_line' id='line_1_9' title="bbox 410 994 2052 1063; baseline 0.007 -23"><span class='ocrx_word' id='word_1_58' title='bbox 410 1008 506 1056; x_wconf 91' lang='lat' dir='ltr'>que</span> <span class='ocrx_word' id='word_1_59' title='bbox 527 994 766 1059; x_wconf 59' lang='lat' dir='ltr'>scripsdre</span> <span class='ocrx_word' id='word_1_60' title='bbox 801 995 1022 1061; x_wconf 80' lang='lat' dir='ltr'>quoedam</span> <span class='ocrx_word' id='word_1_61' title='bbox 1057 999 1313 1063; x_wconf 87' lang='lat' dir='ltr'>pastoralia</span> <span class='ocrx_word' id='word_1_62' title='bbox 1346 999 1559 1048; x_wconf 88' lang='lat' dir='ltr'>carmina</span> <span class='ocrx_word' id='word_1_63' title='bbox 1583 1009 1784 1050; x_wconf 86' lang='lat' dir='ltr'>venusta</span> <span class='ocrx_word' id='word_1_64' title='bbox 1805 1009 1858 1050; x_wconf 92' lang='lat' dir='ltr'>et</span> <span class='ocrx_word' id='word_1_65' title='bbox 1878 1000 2052 1051; x_wconf 79' lang='lat' dir='ltr'>festiva</span> 
     </span>
     <span class='ocr_line' id='line_1_10' title="bbox 409 1059 2049 1134; baseline 0.007 -26"><span class='ocrx_word' id='word_1_66' title='bbox 409 1059 534 1109; x_wconf 88' lang='lat' dir='ltr'>Bion</span> <span class='ocrx_word' id='word_1_67' title='bbox 558 1071 610 1111; x_wconf 92' lang='lat' dir='ltr'>et</span> <span class='ocrx_word' id='word_1_68' title='bbox 634 1061 885 1122; x_wconf 87' lang='lat' dir='ltr'>Moschus,</span> <span class='ocrx_word' id='word_1_69' title='bbox 920 1081 1029 1130; x_wconf 82' lang='lat' dir='ltr'>quae</span> <span class='ocrx_word' id='word_1_70' title='bbox 1062 1065 1124 1114; x_wconf 85' lang='lat' dir='ltr'>ad</span> <span class='ocrx_word' id='word_1_71' title='bbox 1159 1081 1247 1115; x_wconf 85' lang='lat' dir='ltr'>nos</span> <span class='ocrx_word' id='word_1_72' title='bbox 1281 1078 1622 1132; x_wconf 81' lang='lat' dir='ltr'>pervenerunt.</span> <span class='ocrx_word' id='word_1_73' title='bbox 1695 1066 1847 1134; x_wconf 83' lang='lat' dir='ltr'>Apud</span> <span class='ocrx_word' id='word_1_74' title='bbox 1869 1066 2049 1119; x_wconf 82' lang='lat' dir='ltr'>Roma·</span> 
     </span>
     <span class='ocr_line' id='line_1_11' title="bbox 406 1130 2051 1200; baseline 0.005 -24"><span class='ocrx_word' id='word_1_75' title='bbox 406 1143 495 1177; x_wconf 87' lang='lat' dir='ltr'>nos</span> <span class='ocrx_word' id='word_1_76' title='bbox 517 1139 679 1179; x_wconf 88' lang='lat' dir='ltr'>autem</span> <span class='ocrx_word' id='word_1_77' title='bbox 705 1130 993 1181; x_wconf 83' lang='lat' dir='ltr'>imitatorem</span> <span class='ocrx_word' id='word_1_78' title='bbox 1028 1143 1199 1182; x_wconf 90' lang='lat' dir='ltr'>nactus</span> <span class='ocrx_word' id='word_1_79' title='bbox 1222 1144 1297 1183; x_wconf 89' lang='lat' dir='ltr'>est</span> <span class='ocrx_word' id='word_1_80' title='bbox 1320 1134 1609 1184; x_wconf 81' lang='lat' dir='ltr'>Theocritus</span> <span class='ocrx_word' id='word_1_81' title='bbox 1643 1134 2051 1200; x_wconf 80' lang='lat' dir='ltr'>elegantissimum</span> 
     </span>
     <span class='ocr_line' id='line_1_12' title="bbox 406 1195 2051 1266; baseline 0.007 -23"><span class='ocrx_word' id='word_1_82' title='bbox 406 1195 661 1261; x_wconf 83' lang='lat' dir='ltr'>Virgilium</span> <span class='ocrx_word' id='word_1_83' title='bbox 686 1198 735 1246; x_wconf 92' lang='lat' dir='ltr'>in</span> <span class='ocrx_word' id='word_1_84' title='bbox 761 1198 1031 1257; x_wconf 83' lang='lat' dir='ltr'>Bucolicis;</span> <span class='ocrx_word' id='word_1_85' title='bbox 1065 1200 1127 1250; x_wconf 89' lang='lat' dir='ltr'>de</span> <span class='ocrx_word' id='word_1_86' title='bbox 1163 1217 1368 1266; x_wconf 89' lang='lat' dir='ltr'>quorum</span> <span class='ocrx_word' id='word_1_87' title='bbox 1402 1202 1584 1251; x_wconf 90' lang='lat' dir='ltr'>meritis</span> <span class='ocrx_word' id='word_1_88' title='bbox 1620 1202 1796 1252; x_wconf 86' lang='lat' dir='ltr'>eruditi</span> <span class='ocrx_word' id='word_1_89' title='bbox 1830 1202 2051 1254; x_wconf 79' lang='lat' dir='ltr'>homines</span> 
     </span>
     <span class='ocr_line' id='line_1_13' title="bbox 398 1263 2051 1333; baseline 0.005 -22"><span class='ocrx_word' id='word_1_90' title='bbox 398 1263 597 1328; x_wconf 88' lang='lat' dir='ltr'>judiciis</span> <span class='ocrx_word' id='word_1_91' title='bbox 620 1264 817 1315; x_wconf 87' lang='lat' dir='ltr'>diversis</span> <span class='ocrx_word' id='word_1_92' title='bbox 841 1266 999 1316; x_wconf 81' lang='lat' dir='ltr'>solent</span> <span class='ocrx_word' id='word_1_93' title='bbox 1034 1267 1320 1333; x_wconf 85' lang='lat' dir='ltr'>disceptare.</span> <span class='ocrx_word' id='word_1_94' title='bbox 1390 1268 1490 1318; x_wconf 88' lang='lat' dir='ltr'>Sed</span> <span class='ocrx_word' id='word_1_95' title='bbox 1523 1269 1586 1318; x_wconf 89' lang='lat' dir='ltr'>de</span> <span class='ocrx_word' id='word_1_96' title='bbox 1619 1269 1714 1318; x_wconf 85' lang='lat' dir='ltr'>hac</span> <span class='ocrx_word' id='word_1_97' title='bbox 1749 1285 1802 1319; x_wconf 83' lang='lat' dir='ltr'>re</span> <span class='ocrx_word' id='word_1_98' title='bbox 1836 1269 2051 1320; x_wconf 88' lang='lat' dir='ltr'>omnium</span> 
     </span>
     <span class='ocr_line' id='line_1_14' title="bbox 404 1332 2051 1403; baseline 0.005 -24"><span class='ocrx_word' id='word_1_99' title='bbox 404 1332 672 1382; x_wconf 73' lang='lat' dir='ltr'>rectissime</span> <span class='ocrx_word' id='word_1_100' title='bbox 689 1333 927 1397; x_wconf 86' lang='lat' dir='ltr'>judicium</span> <span class='ocrx_word' id='word_1_101' title='bbox 952 1335 1118 1385; x_wconf 90' lang='lat' dir='ltr'>tulisse</span> <span class='ocrx_word' id='word_1_102' title='bbox 1141 1336 1366 1385; x_wconf 87' lang='lat' dir='ltr'>videntur</span> <span class='ocrx_word' id='word_1_103' title='bbox 1385 1336 1483 1385; x_wconf 90' lang='lat' dir='ltr'>duo</span> <span class='ocrx_word' id='word_1_104' title='bbox 1502 1336 1751 1386; x_wconf 87' lang='lat' dir='ltr'>cultissimi</span> <span class='ocrx_word' id='word_1_105' title='bbox 1769 1337 1950 1403; x_wconf 84' lang='lat' dir='ltr'>ingenii</span> <span class='ocrx_word' id='word_1_106' title='bbox 1962 1338 2051 1387; x_wconf 79' lang='lat' dir='ltr'>viri</span> 
     </span>
     <span class='ocr_line' id='line_1_15' title="bbox 405 1398 2050 1470; baseline 0.005 -23"><span class='ocrx_word' id='word_1_107' title='bbox 405 1398 618 1449; x_wconf 82' lang='lat' dir='ltr'>Thomas</span> <span class='ocrx_word' id='word_1_108' title='bbox 642 1400 847 1450; x_wconf 88' lang='lat' dir='ltr'>Warton</span> <span class='ocrx_word' id='word_1_109' title='bbox 871 1411 923 1452; x_wconf 89' lang='lat' dir='ltr'>et</span> <span class='ocrx_word' id='word_1_110' title='bbox 947 1402 1063 1452; x_wconf 85' lang='lat' dir='ltr'>Chr.</span> <span class='ocrx_word' id='word_1_111' title='bbox 1088 1403 1205 1452; x_wconf 88' lang='lat' dir='ltr'>Got.</span> <span class='ocrx_word' id='word_1_112' title='bbox 1230 1404 1436 1470; x_wconf 78' lang='lat' dir='ltr'>Heyne3</span> <span class='ocrx_word' id='word_1_113' title='bbox 1470 1404 1585 1453; x_wconf 92' lang='lat' dir='ltr'>dum</span> <span class='ocrx_word' id='word_1_114' title='bbox 1610 1414 1833 1470; x_wconf 91' lang='lat' dir='ltr'>uterque,</span> <span class='ocrx_word' id='word_1_115' title='bbox 1857 1404 1920 1454; x_wconf 90' lang='lat' dir='ltr'>de</span> <span class='ocrx_word' id='word_1_116' title='bbox 1943 1420 2050 1455; x_wconf 85' lang='lat' dir='ltr'>car-</span> 
     </span>
     <span class='ocr_line' id='line_1_16' title="bbox 404 1466 2050 1552; baseline 0.004 -38"><span class='ocrx_word' id='word_1_117' title='bbox 404 1466 534 1516; x_wconf 90' lang='lat' dir='ltr'>mine</span> <span class='ocrx_word' id='word_1_118' title='bbox 558 1468 792 1519; x_wconf 88' lang='lat' dir='ltr'>Bucolico</span> <span class='ocrx_word' id='word_1_119' title='bbox 816 1469 1069 1528; x_wconf 75' lang='lat' dir='ltr'>disserenS,</span> <span class='ocrx_word' id='word_1_120' title='bbox 1097 1472 1205 1536; x_wconf 88' lang='lat' dir='ltr'>plus</span> <span class='ocrx_word' id='word_1_121' title='bbox 1229 1472 1425 1536; x_wconf 89' lang='lat' dir='ltr'>quidem</span> <span class='ocrx_word' id='word_1_122' title='bbox 1460 1472 1576 1521; x_wconf 89' lang='lat' dir='ltr'>artis</span> <span class='ocrx_word' id='word_1_123' title='bbox 1610 1472 1660 1520; x_wconf 95' lang='lat' dir='ltr'>in</span> <span class='ocrx_word' id='word_1_124' title='bbox 1685 1471 1905 1538; x_wconf 79' lang='lat' dir='ltr'>Virgilio,</span> <span class='ocrx_word' id='word_1_125' title='bbox 1940 1473 2050 1552; x_wconf 82' lang='lat' dir='ltr'>plus</span> 
     </span>
     <span class='ocr_line' id='line_1_17' title="bbox 403 1535 2046 1608; baseline 0.005 -26"><span class='ocrx_word' id='word_1_126' title='bbox 403 1535 520 1584; x_wconf 72' lang='lat' dir='ltr'>vero</span> <span class='ocrx_word' id='word_1_127' title='bbox 546 1536 727 1602; x_wconf 88' lang='lat' dir='ltr'>ingenii</span> <span class='ocrx_word' id='word_1_128' title='bbox 760 1548 813 1587; x_wconf 92' lang='lat' dir='ltr'>et</span> <span class='ocrx_word' id='word_1_129' title='bbox 846 1548 1032 1587; x_wconf 88' lang='lat' dir='ltr'>naturae</span> <span class='ocrx_word' id='word_1_130' title='bbox 1070 1538 1120 1586; x_wconf 89' lang='lat' dir='ltr'>in</span> <span class='ocrx_word' id='word_1_131' title='bbox 1160 1540 1424 1588; x_wconf 86' lang='lat' dir='ltr'>Theocrito</span> <span class='ocrx_word' id='word_1_132' title='bbox 1462 1540 1658 1589; x_wconf 84' lang='lat' dir='ltr'>invenit.</span> <span class='ocrx_word' id='word_1_133' title='bbox 1726 1547 1762 1574; x_wconf 76' lang='lat'>‘⁸</span> <span class='ocrx_word' id='word_1_134' title='bbox 1788 1539 2046 1608; x_wconf 76' lang='lat' dir='ltr'>Virgilio,”</span> 
     </span>
     <span class='ocr_line' id='line_1_18' title="bbox 403 1602 2047 1672; baseline 0.005 -22"><span class='ocrx_word' id='word_1_135' title='bbox 403 1602 562 1669; x_wconf 89' lang='lat' dir='ltr'>inquit</span> <span class='ocrx_word' id='word_1_136' title='bbox 586 1605 827 1672; x_wconf 82' lang='lat' dir='ltr'>Heynius,</span> <span class='ocrx_word' id='word_1_137' title='bbox 851 1613 886 1639; x_wconf 86' lang='lat'><strong>“</strong></span> <span class='ocrx_word' id='word_1_138' title='bbox 910 1607 1166 1671; x_wconf 67' lang='lat' dir='ltr'>elegantiae</span> <span class='ocrx_word' id='word_1_139' title='bbox 1202 1607 1411 1666; x_wconf 88' lang='lat' dir='ltr'>laudem,</span> <span class='ocrx_word' id='word_1_140' title='bbox 1446 1607 1693 1672; x_wconf 83' lang='lat' dir='ltr'>dignitatis</span> <span class='ocrx_word' id='word_1_141' title='bbox 1726 1617 1779 1657; x_wconf 88' lang='lat' dir='ltr'>et</span> <span class='ocrx_word' id='word_1_142' title='bbox 1812 1606 2047 1658; x_wconf 65' lang='lat' dir='ltr'>doctrine</span> 
     </span>
     <span class='ocr_line' id='line_1_19' title="bbox 402 1672 2046 1747; baseline 0.004 -28"><span class='ocrx_word' id='word_1_143' title='bbox 402 1677 439 1703; x_wconf 81' lang='lat'>‘⁸</span> <span class='ocrx_word' id='word_1_144' title='bbox 472 1687 618 1721; x_wconf 91' lang='lat' dir='ltr'>nemo</span> <span class='ocrx_word' id='word_1_145' title='bbox 639 1672 899 1731; x_wconf 84' lang='lat' dir='ltr'>invidebit;</span> <span class='ocrx_word' id='word_1_146' title='bbox 932 1674 1019 1723; x_wconf 89' lang='lat' dir='ltr'>sed</span> <span class='ocrx_word' id='word_1_147' title='bbox 1042 1674 1358 1747; x_wconf 68' lang='lat' dir='ltr'>simplicitate</span> <span class='ocrx_word' id='word_1_148' title='bbox 1386 1685 1437 1723; x_wconf 87' lang='lat' dir='ltr'>et</span> <span class='ocrx_word' id='word_1_149' title='bbox 1470 1675 1677 1723; x_wconf 88' lang='lat' dir='ltr'>naturali</span> <span class='ocrx_word' id='word_1_150' title='bbox 1711 1675 1871 1741; x_wconf 65' lang='lat' dir='ltr'>aliqua</span> <span class='ocrx_word' id='word_1_151' title='bbox 1894 1691 2046 1725; x_wconf 76' lang='lat' dir='ltr'>venu-</span> 
     </span>
     <span class='ocr_line' id='line_1_20' title="bbox 402 1741 2044 1806; baseline 0.004 -19"><span class='ocrx_word' id='word_1_152' title='bbox 402 1745 439 1771; x_wconf 82' lang='lat'>⁸‘</span> <span class='ocrx_word' id='word_1_153' title='bbox 472 1747 598 1789; x_wconf 90' lang='lat' dir='ltr'>state</span> <span class='ocrx_word' id='word_1_154' title='bbox 622 1755 881 1806; x_wconf 89' lang='lat' dir='ltr'>rerumque</span> <span class='ocrx_word' id='word_1_155' title='bbox 905 1741 1047 1806; x_wconf 67' lang='lat' dir='ltr'>copia</span> <span class='ocrx_word' id='word_1_156' title='bbox 1079 1750 1131 1790; x_wconf 86' lang='lat' dir='ltr'>et</span> <span class='ocrx_word' id='word_1_157' title='bbox 1165 1742 1397 1791; x_wconf 86' lang='lat' dir='ltr'>varietate</span> <span class='ocrx_word' id='word_1_158' title='bbox 1421 1758 1519 1790; x_wconf 90' lang='lat' dir='ltr'>non</span> <span class='ocrx_word' id='word_1_159' title='bbox 1542 1742 1700 1791; x_wconf 74' lang='lat' dir='ltr'>minus</span> <span class='ocrx_word' id='word_1_160' title='bbox 1723 1742 1855 1791; x_wconf 87' lang='lat' dir='ltr'>cedit</span> <span class='ocrx_word' id='word_1_161' title='bbox 1879 1743 2044 1793; x_wconf 87' lang='lat' dir='ltr'>Theo-</span> 
     </span>
     <span class='ocr_line' id='line_1_21' title="bbox 402 1807 2044 1876; baseline 0.004 -21"><span class='ocrx_word' id='word_1_162' title='bbox 402 1810 436 1837; x_wconf 79' lang='lat'>“</span> <span class='ocrx_word' id='word_1_163' title='bbox 472 1807 612 1866; x_wconf 88' lang='lat' dir='ltr'>crito,</span> <span class='ocrx_word' id='word_1_164' title='bbox 637 1807 780 1874; x_wconf 70' lang='lat' dir='ltr'>quam</span> <span class='ocrx_word' id='word_1_165' title='bbox 805 1824 882 1857; x_wconf 88' lang='lat' dir='ltr'>ars</span> <span class='ocrx_word' id='word_1_166' title='bbox 905 1818 1106 1868; x_wconf 82' lang='lat' dir='ltr'>naturae,</span> <span class='ocrx_word' id='word_1_167' title='bbox 1132 1825 1277 1874; x_wconf 91' lang='lat' dir='ltr'>quam</span> <span class='ocrx_word' id='word_1_168' title='bbox 1302 1809 1494 1859; x_wconf 87' lang='lat' dir='ltr'>vincere</span> <span class='ocrx_word' id='word_1_169' title='bbox 1518 1809 1713 1875; x_wconf 77' lang='lat' dir='ltr'>quidem</span> <span class='ocrx_word' id='word_1_170' title='bbox 1738 1810 1817 1859; x_wconf 84' lang='lat' dir='ltr'>illa</span> <span class='ocrx_word' id='word_1_171' title='bbox 1839 1812 2044 1876; x_wconf 70' lang='lat' dir='ltr'>operose</span> 
     </span>
     <span class='ocr_line' id='line_1_22' title="bbox 404 1874 2045 1942; baseline 0.003 -20"><span class='ocrx_word' id='word_1_172' title='bbox 404 1880 439 1907; x_wconf 79' lang='lat'>‘⁸</span> <span class='ocrx_word' id='word_1_173' title='bbox 473 1874 523 1922; x_wconf 90' lang='lat' dir='ltr'>in</span> <span class='ocrx_word' id='word_1_174' title='bbox 545 1875 773 1940; x_wconf 85' lang='lat' dir='ltr'>singulari</span> <span class='ocrx_word' id='word_1_175' title='bbox 797 1876 957 1942; x_wconf 66' lang='lat' dir='ltr'>aliqua</span> <span class='ocrx_word' id='word_1_176' title='bbox 979 1893 1032 1925; x_wconf 89' lang='lat' dir='ltr'>re</span> <span class='ocrx_word' id='word_1_177' title='bbox 1057 1886 1233 1942; x_wconf 89' lang='lat' dir='ltr'>potest,</span> <span class='ocrx_word' id='word_1_178' title='bbox 1257 1877 1342 1925; x_wconf 88' lang='lat' dir='ltr'>sed</span> <span class='ocrx_word' id='word_1_179' title='bbox 1367 1878 1415 1925; x_wconf 90' lang='lat' dir='ltr'>in</span> <span class='ocrx_word' id='word_1_180' title='bbox 1438 1877 1716 1941; x_wconf 23' lang='lat' dir='ltr'>summa-rei</span> <span class='ocrx_word' id='word_1_181' title='bbox 1738 1878 1867 1926; x_wconf 83' lang='lat' dir='ltr'>iners</span> <span class='ocrx_word' id='word_1_182' title='bbox 1886 1887 1940 1927; x_wconf 85' lang='lat' dir='ltr'>et</span> <span class='ocrx_word' id='word_1_183' title='bbox 1961 1894 2045 1928; x_wconf 80' lang='lat' dir='ltr'>va·</span> 
     </span>
     <span class='ocr_line' id='line_1_23' title="bbox 403 1943 2044 2008; baseline 0.004 -19"><span class='ocrx_word' id='word_1_184' title='bbox 403 1949 439 1975; x_wconf 83' lang='lat'>“</span> <span class='ocrx_word' id='word_1_185' title='bbox 471 1957 535 1991; x_wconf 88' lang='lat' dir='ltr'>na</span> <span class='ocrx_word' id='word_1_186' title='bbox 557 1943 781 2000; x_wconf 77' lang='lat' dir='ltr'>habenda</span> <span class='ocrx_word' id='word_1_187' title='bbox 802 1945 929 1993; x_wconf 88' lang='lat' dir='ltr'>est.”</span> <span class='ocrx_word' id='word_1_188' title='bbox 1001 1944 1067 1992; x_wconf 89' lang='lat' dir='ltr'>Et</span> <span class='ocrx_word' id='word_1_189' title='bbox 1090 1944 1234 2008; x_wconf 88' lang='lat' dir='ltr'>paulo</span> <span class='ocrx_word' id='word_1_190' title='bbox 1256 1954 1400 2008; x_wconf 85' lang='lat' dir='ltr'>post;</span> <span class='ocrx_word' id='word_1_191' title='bbox 1439 1953 1472 1976; x_wconf 89' lang='lat'><strong>“</strong></span> <span class='ocrx_word' id='word_1_192' title='bbox 1496 1944 1611 1993; x_wconf 91' lang='lat' dir='ltr'>Hoc</span> <span class='ocrx_word' id='word_1_193' title='bbox 1634 1961 1783 1993; x_wconf 88' lang='lat' dir='ltr'>unum</span> <span class='ocrx_word' id='word_1_194' title='bbox 1818 1946 2044 2005; x_wconf 86' lang='lat' dir='ltr'>monebo,</span> 
     </span>
     <span class='ocr_line' id='line_1_24' title="bbox 400 2010 2040 2079; baseline 0.005 -23"><span class='ocrx_word' id='word_1_195' title='bbox 400 2016 436 2042; x_wconf 82' lang='lat'><strong>“</strong></span> <span class='ocrx_word' id='word_1_196' title='bbox 470 2010 561 2058; x_wconf 88' lang='lat' dir='ltr'>nisi</span> <span class='ocrx_word' id='word_1_197' title='bbox 584 2010 876 2070; x_wconf 89' lang='lat' dir='ltr'>memineris,</span> <span class='ocrx_word' id='word_1_198' title='bbox 912 2011 962 2059; x_wconf 91' lang='lat' dir='ltr'>in</span> <span class='ocrx_word' id='word_1_199' title='bbox 987 2011 1190 2076; x_wconf 89' lang='lat' dir='ltr'>Virgilio</span> <span class='ocrx_word' id='word_1_200' title='bbox 1224 2012 1332 2076; x_wconf 90' lang='lat' dir='ltr'>plus</span> <span class='ocrx_word' id='word_1_201' title='bbox 1365 2011 1496 2070; x_wconf 88' lang='lat' dir='ltr'>artis,</span> <span class='ocrx_word' id='word_1_202' title='bbox 1538 2012 1590 2060; x_wconf 88' lang='lat' dir='ltr'>in</span> <span class='ocrx_word' id='word_1_203' title='bbox 1632 2011 1895 2062; x_wconf 84' lang='lat' dir='ltr'>Theocrito</span> <span class='ocrx_word' id='word_1_204' title='bbox 1930 2013 2040 2079; x_wconf 73' lang='lat' dir='ltr'>plus</span> 
     </span>
     <span class='ocr_line' id='line_1_25' title="bbox 398 2077 2044 2149; baseline 0.004 -24"><span class='ocrx_word' id='word_1_205' title='bbox 398 2084 434 2108; x_wconf 87' lang='lat'><em>“</em></span> <span class='ocrx_word' id='word_1_206' title='bbox 467 2077 641 2126; x_wconf 84' lang='lat' dir='ltr'>nativae</span> <span class='ocrx_word' id='word_1_207' title='bbox 662 2078 933 2145; x_wconf 83' lang='lat' dir='ltr'>elegantiae,</span> <span class='ocrx_word' id='word_1_208' title='bbox 956 2094 1077 2139; x_wconf 88' lang='lat' dir='ltr'>esse,</span> <span class='ocrx_word' id='word_1_209' title='bbox 1103 2094 1200 2127; x_wconf 91' lang='lat' dir='ltr'>non</span> <span class='ocrx_word' id='word_1_210' title='bbox 1220 2077 1380 2128; x_wconf 87' lang='lat' dir='ltr'>mirari</span> <span class='ocrx_word' id='word_1_211' title='bbox 1398 2095 1496 2128; x_wconf 89' lang='lat' dir='ltr'>non</span> <span class='ocrx_word' id='word_1_212' title='bbox 1513 2079 1711 2149; x_wconf 84' lang='lat' dir='ltr'>poteris,</span> <span class='ocrx_word' id='word_1_213' title='bbox 1730 2096 1844 2131; x_wconf 85' lang='lat' dir='ltr'>cum</span> <span class='ocrx_word' id='word_1_214' title='bbox 1860 2080 2044 2143; x_wconf 74' lang='lat' dir='ltr'>videns,</span> 
     </span>
     <span class='ocr_line' id='line_1_26' title="bbox 399 2146 2039 2215; baseline 0.003 -21"><span class='ocrx_word' id='word_1_215' title='bbox 399 2148 432 2176; x_wconf 88' lang='lat'>“</span> <span class='ocrx_word' id='word_1_216' title='bbox 467 2146 612 2195; x_wconf 87' lang='lat' dir='ltr'>etiam</span> <span class='ocrx_word' id='word_1_217' title='bbox 645 2146 1059 2214; x_wconf 65' lang='lat' dir='ltr'>praestantissimos</span> <span class='ocrx_word' id='word_1_218' title='bbox 1082 2164 1143 2197; x_wconf 85' lang='lat' dir='ltr'>ex</span> <span class='ocrx_word' id='word_1_219' title='bbox 1166 2147 1262 2197; x_wconf 88' lang='lat' dir='ltr'>hoc</span> <span class='ocrx_word' id='word_1_220' title='bbox 1296 2165 1478 2215; x_wconf 87' lang='lat' dir='ltr'>genere</span> <span class='ocrx_word' id='word_1_221' title='bbox 1511 2150 1680 2215; x_wconf 74' lang='lat' dir='ltr'>poe&#39;tas</span> <span class='ocrx_word' id='word_1_222' title='bbox 1714 2147 2039 2200; x_wconf 77' lang='lat' dir='ltr'>recentiorum</span> 
     </span>
     <span class='ocr_line' id='line_1_27' title="bbox 398 2215 2040 2283; baseline 0.003 -21"><span class='ocrx_word' id='word_1_223' title='bbox 398 2221 432 2244; x_wconf 89' lang='lat'><strong><em>“</em></strong></span> <span class='ocrx_word' id='word_1_224' title='bbox 466 2222 739 2279; x_wconf 85' lang='lat' dir='ltr'>temporum</span> <span class='ocrx_word' id='word_1_225' title='bbox 782 2215 1036 2281; x_wconf 88' lang='lat' dir='ltr'>Virgilium</span> <span class='ocrx_word' id='word_1_226' title='bbox 1077 2216 1301 2265; x_wconf 87' lang='lat' dir='ltr'>maluisse</span> <span class='ocrx_word' id='word_1_227' title='bbox 1337 2217 1475 2283; x_wconf 89' lang='lat' dir='ltr'>sequi</span> <span class='ocrx_word' id='word_1_228' title='bbox 1514 2217 1658 2282; x_wconf 67' lang='lat' dir='ltr'>quam</span> <span class='ocrx_word' id='word_1_229' title='bbox 1707 2216 2040 2267; x_wconf 79' lang='lat' dir='ltr'>Tbeoeritum.</span> 
     </span>
     <span class='ocr_line' id='line_1_28' title="bbox 397 2283 2040 2350; baseline 0.003 -20"><span class='ocrx_word' id='word_1_230' title='bbox 397 2288 433 2314; x_wconf 74' lang='lat'>‘⁴</span> <span class='ocrx_word' id='word_1_231' title='bbox 470 2283 606 2331; x_wconf 89' lang='lat' dir='ltr'>Artis</span> <span class='ocrx_word' id='word_1_232' title='bbox 644 2284 831 2333; x_wconf 88' lang='lat' dir='ltr'>scilicet</span> <span class='ocrx_word' id='word_1_233' title='bbox 867 2299 1059 2350; x_wconf 86' lang='lat' dir='ltr'>semper</span> <span class='ocrx_word' id='word_1_234' title='bbox 1095 2284 1281 2333; x_wconf 85' lang='lat' dir='ltr'>facilior</span> <span class='ocrx_word' id='word_1_235' title='bbox 1316 2285 1549 2335; x_wconf 83' lang='lat' dir='ltr'>imitatio:</span> <span class='ocrx_word' id='word_1_236' title='bbox 1585 2285 1855 2335; x_wconf 83' lang='lat' dir='ltr'>naturalem</span> <span class='ocrx_word' id='word_1_237' title='bbox 1888 2300 2040 2335; x_wconf 77' lang='lat' dir='ltr'>venu-</span> 
     </span>
     <span class='ocr_line' id='line_1_29' title="bbox 398 2351 2040 2418; baseline 0.003 -19"><span class='ocrx_word' id='word_1_238' title='bbox 398 2357 433 2382; x_wconf 85' lang='lat'><strong>“</strong></span> <span class='ocrx_word' id='word_1_239' title='bbox 465 2359 640 2400; x_wconf 89' lang='lat' dir='ltr'>statem</span> <span class='ocrx_word' id='word_1_240' title='bbox 663 2351 921 2401; x_wconf 74' lang='lat' dir='ltr'>difficilime</span> <span class='ocrx_word' id='word_1_241' title='bbox 945 2351 1245 2418; x_wconf 87' lang='lat' dir='ltr'>assequare.”</span> <span class='ocrx_word' id='word_1_242' title='bbox 1321 2354 1432 2418; x_wconf 92' lang='lat' dir='ltr'>[De</span> <span class='ocrx_word' id='word_1_243' title='bbox 1458 2354 1682 2403; x_wconf 87' lang='lat' dir='ltr'>Carmine</span> <span class='ocrx_word' id='word_1_244' title='bbox 1701 2352 2040 2404; x_wconf 73' lang='lat' dir='ltr'>Bucol.-Belo·-</span> 
     </span>
     <span class='ocr_line' id='line_1_30' title="bbox 394 2417 2036 2486; baseline 0.004 -21"><span class='ocrx_word' id='word_1_245' title='bbox 394 2417 469 2482; x_wconf 88' lang='lat' dir='ltr'>gis</span> <span class='ocrx_word' id='word_1_246' title='bbox 493 2418 628 2484; x_wconf 89' lang='lat' dir='ltr'>Virg.</span> <span class='ocrx_word' id='word_1_247' title='bbox 650 2420 865 2486; x_wconf 81' lang='lat' dir='ltr'>proefix.]</span> <span class='ocrx_word' id='word_1_248' title='bbox 944 2419 1025 2468; x_wconf 90' lang='lat' dir='ltr'>Sic</span> <span class='ocrx_word' id='word_1_249' title='bbox 1048 2430 1209 2469; x_wconf 86' lang='lat' dir='ltr'>autem</span> <span class='ocrx_word' id='word_1_250' title='bbox 1233 2420 1507 2485; x_wconf 87' lang='lat' dir='ltr'>elegantem</span> <span class='ocrx_word' id='word_1_251' title='bbox 1538 2437 1674 2470; x_wconf 88' lang='lat' dir='ltr'>suam</span> <span class='ocrx_word' id='word_1_252' title='bbox 1706 2421 1887 2486; x_wconf 86' lang='lat' dir='ltr'>Virgilii</span> <span class='ocrx_word' id='word_1_253' title='bbox 1922 2436 2036 2471; x_wconf 76' lang='lat' dir='ltr'>cum</span> 
     </span>
     <span class='ocr_line' id='line_1_31' title="bbox 396 2486 2037 2553; baseline 0 -19"><span class='ocrx_word' id='word_1_254' title='bbox 396 2486 662 2536; x_wconf 81' lang='lat' dir='ltr'>Theocrito</span> <span class='ocrx_word' id='word_1_255' title='bbox 686 2488 993 2536; x_wconf 88' lang='lat' dir='ltr'>collationem</span> <span class='ocrx_word' id='word_1_256' title='bbox 1019 2487 1201 2536; x_wconf 88' lang='lat' dir='ltr'>claudit</span> <span class='ocrx_word' id='word_1_257' title='bbox 1226 2487 1487 2537; x_wconf 89' lang='lat' dir='ltr'>Wartonus</span> <span class='ocrx_word' id='word_1_258' title='bbox 1511 2505 1524 2536; x_wconf 75' lang='lat' dir='ltr'>z</span> <span class='ocrx_word' id='word_1_259' title='bbox 1560 2496 1594 2520; x_wconf 88' lang='lat'><strong>“</strong></span> <span class='ocrx_word' id='word_1_260' title='bbox 1621 2489 1692 2538; x_wconf 91' lang='lat' dir='ltr'>Ut</span> <span class='ocrx_word' id='word_1_261' title='bbox 1722 2488 1878 2536; x_wconf 85' lang='lat' dir='ltr'>dicam</span> <span class='ocrx_word' id='word_1_262' title='bbox 1914 2503 2037 2553; x_wconf 83' lang='lat' dir='ltr'>pau.</span> 
     </span>
     <span class='ocr_line' id='line_1_32' title="bbox 395 2554 2035 2619; baseline 0.001 -17"><span class='ocrx_word' id='word_1_263' title='bbox 395 2560 431 2584; x_wconf 85' lang='lat'><em>“</em></span> <span class='ocrx_word' id='word_1_264' title='bbox 464 2554 534 2602; x_wconf 88' lang='lat' dir='ltr'>cis</span> <span class='ocrx_word' id='word_1_265' title='bbox 569 2554 702 2619; x_wconf 88' lang='lat' dir='ltr'>quod</span> <span class='ocrx_word' id='word_1_266' title='bbox 742 2555 914 2603; x_wconf 89' lang='lat' dir='ltr'>sentio.</span> <span class='ocrx_word' id='word_1_267' title='bbox 987 2554 1163 2603; x_wconf 90' lang='lat' dir='ltr'>Similis</span> <span class='ocrx_word' id='word_1_268' title='bbox 1198 2564 1274 2603; x_wconf 88' lang='lat' dir='ltr'>est</span> <span class='ocrx_word' id='word_1_269' title='bbox 1314 2554 1603 2604; x_wconf 83' lang='lat' dir='ltr'>Theocritus</span> <span class='ocrx_word' id='word_1_270' title='bbox 1642 2555 1807 2619; x_wconf 89' lang='lat' dir='ltr'>amplo</span> <span class='ocrx_word' id='word_1_271' title='bbox 1841 2554 2035 2605; x_wconf 86' lang='lat' dir='ltr'>cuidam</span> 
     </span>
     <span class='ocr_line' id='line_1_33' title="bbox 394 2620 2035 2688; baseline 0.003 -20"><span class='ocrx_word' id='word_1_272' title='bbox 394 2628 432 2652; x_wconf 84' lang='lat'><strong>“</strong></span> <span class='ocrx_word' id='word_1_273' title='bbox 466 2620 671 2682; x_wconf 91' lang='lat' dir='ltr'>Pascuo,</span> <span class='ocrx_word' id='word_1_274' title='bbox 695 2638 783 2687; x_wconf 90' lang='lat' dir='ltr'>per</span> <span class='ocrx_word' id='word_1_275' title='bbox 816 2638 868 2670; x_wconf 92' lang='lat' dir='ltr'>se</span> <span class='ocrx_word' id='word_1_276' title='bbox 902 2621 1017 2670; x_wconf 84' lang='lat' dir='ltr'>satis</span> <span class='ocrx_word' id='word_1_277' title='bbox 1051 2621 1298 2680; x_wconf 87' lang='lat' dir='ltr'>foecundo,</span> <span class='ocrx_word' id='word_1_278' title='bbox 1336 2622 1498 2672; x_wconf 84' lang='lat' dir='ltr'>herbis</span> <span class='ocrx_word' id='word_1_279' title='bbox 1536 2622 1752 2688; x_wconf 83' lang='lat' dir='ltr'>plurimis</span> <span class='ocrx_word' id='word_1_280' title='bbox 1789 2622 2035 2688; x_wconf 77' lang='lat' dir='ltr'>smgiferis</span> 
     </span>
     <span class='ocr_line' id='line_1_34' title="bbox 395 2684 2090 2755; baseline 0.003 -20"><span class='ocrx_word' id='word_1_281' title='bbox 395 2695 430 2719; x_wconf 76' lang='lat'>‘⁴</span> <span class='ocrx_word' id='word_1_282' title='bbox 465 2688 759 2754; x_wconf 84' lang='lat' dir='ltr'>floribusque</span> <span class='ocrx_word' id='word_1_283' title='bbox 785 2689 996 2755; x_wconf 89' lang='lat' dir='ltr'>pulchris</span> <span class='ocrx_word' id='word_1_284' title='bbox 1019 2689 1300 2746; x_wconf 86' lang='lat' dir='ltr'>abundanti,</span> <span class='ocrx_word' id='word_1_285' title='bbox 1324 2689 1546 2740; x_wconf 90' lang='lat' dir='ltr'>dulcibus</span> <span class='ocrx_word' id='word_1_286' title='bbox 1569 2691 1713 2740; x_wconf 89' lang='lat' dir='ltr'>etiam</span> <span class='ocrx_word' id='word_1_287' title='bbox 1748 2690 1907 2740; x_wconf 83' lang='lat' dir='ltr'>fluviis</span> <span class='ocrx_word' id='word_1_288' title='bbox 1931 2691 2036 2741; x_wconf 81' lang='lat' dir='ltr'>uvi·</span> <span class='ocrx_word' id='word_1_289' title='bbox 2071 2684 2090 2693; x_wconf 42' lang='lat'>⁸</span> 
     </span>
     <span class='ocr_line' id='line_1_35' title="bbox 393 2756 2037 2823; baseline 0.004 -20"><span class='ocrx_word' id='word_1_290' title='bbox 393 2762 428 2788; x_wconf 80' lang='lat'>‘⁸</span> <span class='ocrx_word' id='word_1_291' title='bbox 463 2756 559 2804; x_wconf 78' lang='lat' dir='ltr'>do:</span> <span class='ocrx_word' id='word_1_292' title='bbox 611 2758 775 2806; x_wconf 90' lang='lat' dir='ltr'>similis</span> <span class='ocrx_word' id='word_1_293' title='bbox 812 2757 1040 2823; x_wconf 88' lang='lat' dir='ltr'>Virgilius</span> <span class='ocrx_word' id='word_1_294' title='bbox 1076 2757 1238 2806; x_wconf 90' lang='lat' dir='ltr'>Horto</span> <span class='ocrx_word' id='word_1_295' title='bbox 1272 2757 1502 2807; x_wconf 89' lang='lat' dir='ltr'>distincto</span> <span class='ocrx_word' id='word_1_296' title='bbox 1536 2759 1800 2808; x_wconf 88' lang='lat' dir='ltr'>nitentibus</span> <span class='ocrx_word' id='word_1_297' title='bbox 1833 2757 2037 2809; x_wconf 84' lang='lat' dir='ltr'>areolis=</span> 
     </span>
     <span class='ocr_line' id='line_1_36' title="bbox 392 2824 2035 2893; baseline 0.003 -21"><span class='ocrx_word' id='word_1_298' title='bbox 392 2831 427 2855; x_wconf 87' lang='lat'><strong><em>“</em></strong></span> <span class='ocrx_word' id='word_1_299' title='bbox 462 2824 545 2873; x_wconf 90' lang='lat' dir='ltr'>ubi</span> <span class='ocrx_word' id='word_1_300' title='bbox 569 2824 703 2891; x_wconf 87' lang='lat' dir='ltr'>larga</span> <span class='ocrx_word' id='word_1_301' title='bbox 725 2825 897 2874; x_wconf 90' lang='lat' dir='ltr'>florum</span> <span class='ocrx_word' id='word_1_302' title='bbox 923 2825 1081 2891; x_wconf 87' lang='lat' dir='ltr'>copia,</span> <span class='ocrx_word' id='word_1_303' title='bbox 1103 2825 1191 2874; x_wconf 90' lang='lat' dir='ltr'>sed</span> <span class='ocrx_word' id='word_1_304' title='bbox 1215 2826 1298 2891; x_wconf 91' lang='lat' dir='ltr'>qui</span> <span class='ocrx_word' id='word_1_305' title='bbox 1321 2827 1535 2876; x_wconf 74' lang='lat' dir='ltr'>studiose</span> <span class='ocrx_word' id='word_1_306' title='bbox 1560 2826 1794 2893; x_wconf 89' lang='lat' dir='ltr'>dispositi,</span> <span class='ocrx_word' id='word_1_307' title='bbox 1817 2827 2035 2893; x_wconf 58' lang='lat' dir='ltr'>curaque</span> 
     </span>
     <span class='ocr_line' id='line_1_37' title="bbox 390 2893 2034 2960; baseline 0.003 -20"><span class='ocrx_word' id='word_1_308' title='bbox 390 2898 426 2923; x_wconf 79' lang='lat'>‘⁸</span> <span class='ocrx_word' id='word_1_309' title='bbox 460 2893 658 2942; x_wconf 91' lang='lat' dir='ltr'>meliore</span> <span class='ocrx_word' id='word_1_310' title='bbox 681 2894 847 2942; x_wconf 89' lang='lat' dir='ltr'>nutriti</span> <span class='ocrx_word' id='word_1_311' title='bbox 871 2904 1017 2959; x_wconf 89' lang='lat' dir='ltr'>atque</span> <span class='ocrx_word' id='word_1_312' title='bbox 1041 2893 1223 2942; x_wconf 84' lang='lat' dir='ltr'>exculti</span> <span class='ocrx_word' id='word_1_313' title='bbox 1246 2893 1518 2959; x_wconf 87' lang='lat' dir='ltr'>diligenter,</span> <span class='ocrx_word' id='word_1_314' title='bbox 1541 2895 1655 2943; x_wconf 89' lang='lat' dir='ltr'>olim</span> <span class='ocrx_word' id='word_1_315' title='bbox 1678 2894 1778 2943; x_wconf 91' lang='lat' dir='ltr'>huc</span> <span class='ocrx_word' id='word_1_316' title='bbox 1800 2894 1831 2943; x_wconf 69' lang='grc' dir='ltr'><strong>ὁ</strong></span> <span class='ocrx_word' id='word_1_317' title='bbox 1851 2910 2034 2960; x_wconf 82' lang='lat' dir='ltr'>pascuo</span> 
     </span>
     <span class='ocr_line' id='line_1_38' title="bbox 390 2960 2031 3028; baseline 0.002 -20"><span class='ocrx_word' id='word_1_318' title='bbox 390 2967 425 2992; x_wconf 78' lang='lat'>‘⁴</span> <span class='ocrx_word' id='word_1_319' title='bbox 459 2961 542 3009; x_wconf 90' lang='lat' dir='ltr'>illo</span> <span class='ocrx_word' id='word_1_320' title='bbox 589 2962 757 3027; x_wconf 87' lang='lat' dir='ltr'>maj0ri</span> <span class='ocrx_word' id='word_1_321' title='bbox 804 2960 1259 3011; x_wconf 86' lang='lat' dir='ltr'>transferebantur.”</span> <span class='ocrx_word' id='word_1_322' title='bbox 1333 2962 1443 3027; x_wconf 91' lang='lat' dir='ltr'>[De</span> <span class='ocrx_word' id='word_1_323' title='bbox 1490 2963 1624 3028; x_wconf 84' lang='lat' dir='ltr'>po&#39;e&#39;si</span> <span class='ocrx_word' id='word_1_324' title='bbox 1662 2961 1832 3011; x_wconf 89' lang='lat' dir='ltr'>Bucol.</span> <span class='ocrx_word' id='word_1_325' title='bbox 1869 2962 2031 3012; x_wconf 73' lang='lat' dir='ltr'>Graeo.</span> 
     </span>
     <span class='ocr_line' id='line_1_39' title="bbox 389 3028 2029 3095; baseline 0.002 -18"><span class='ocrx_word' id='word_1_326' title='bbox 389 3028 507 3078; x_wconf 90' lang='lat' dir='ltr'>edit.</span> <span class='ocrx_word' id='word_1_327' title='bbox 529 3045 627 3078; x_wconf 80' lang='lat' dir='ltr'>suae</span> <span class='ocrx_word' id='word_1_328' title='bbox 653 3029 902 3080; x_wconf 87' lang='lat' dir='ltr'>Theocriti</span> <span class='ocrx_word' id='word_1_329' title='bbox 936 3030 1120 3094; x_wconf 80' lang='lat' dir='ltr'>praelix.</span> <span class='ocrx_word' id='word_1_330' title='bbox 1156 3028 1238 3078; x_wconf 91' lang='lat' dir='ltr'>ubi</span> <span class='ocrx_word' id='word_1_331' title='bbox 1273 3029 1382 3079; x_wconf 85' lang='lat' dir='ltr'>vide</span> <span class='ocrx_word' id='word_1_332' title='bbox 1420 3030 1603 3095; x_wconf 89' lang='lat' dir='ltr'>plura.]</span> <span class='ocrx_word' id='word_1_333' title='bbox 1681 3029 1925 3080; x_wconf 73' lang='lat' dir='ltr'>Caeteriim</span> <span class='ocrx_word' id='word_1_334' title='bbox 1963 3029 2029 3081; x_wconf 86' lang='lat' dir='ltr'>de</span> 
     </span>
     <span class='ocr_line' id='line_1_40' title="bbox 387 3096 2029 3164; baseline 0.001 -18"><span class='ocrx_word' id='word_1_335' title='bbox 387 3097 522 3162; x_wconf 67' lang='lat' dir='ltr'>poesi</span> <span class='ocrx_word' id='word_1_336' title='bbox 548 3097 780 3146; x_wconf 73' lang='lat' dir='ltr'>Bucolica</span> <span class='ocrx_word' id='word_1_337' title='bbox 803 3098 940 3147; x_wconf 88' lang='lat' dir='ltr'>multi</span> <span class='ocrx_word' id='word_1_338' title='bbox 962 3098 1218 3162; x_wconf 66' lang='lat' dir='ltr'>scripsere.</span> <span class='ocrx_word' id='word_1_339' title='bbox 1287 3096 1377 3145; x_wconf 88' lang='lat' dir='ltr'>Est</span> <span class='ocrx_word' id='word_1_340' title='bbox 1410 3098 1506 3147; x_wconf 90' lang='lat' dir='ltr'>hoc</span> <span class='ocrx_word' id='word_1_341' title='bbox 1540 3097 1736 3164; x_wconf 89' lang='lat' dir='ltr'>quidem</span> <span class='ocrx_word' id='word_1_342' title='bbox 1770 3113 2029 3164; x_wconf 87' lang='lat' dir='ltr'>argumen-</span> 
     </span>
     <span class='ocr_line' id='line_1_41' title="bbox 388 3165 2025 3226; baseline 0.002 -13"><span class='ocrx_word' id='word_1_343' title='bbox 388 3175 490 3213; x_wconf 90' lang='lat' dir='ltr'>tum</span> <span class='ocrx_word' id='word_1_344' title='bbox 529 3165 656 3215; x_wconf 88' lang='lat' dir='ltr'>inter</span> <span class='ocrx_word' id='word_1_345' title='bbox 695 3165 890 3215; x_wconf 90' lang='lat' dir='ltr'>criticos</span> <span class='ocrx_word' id='word_1_346' title='bbox 929 3165 1044 3214; x_wconf 89' lang='lat' dir='ltr'>satis</span> <span class='ocrx_word' id='word_1_347' title='bbox 1084 3166 1266 3214; x_wconf 87' lang='lat' dir='ltr'>tritum.</span> <span class='ocrx_word' id='word_1_348' title='bbox 1335 3166 1431 3220; x_wconf 86' lang='lat' dir='ltr'>Qui</span> <span class='ocrx_word' id='word_1_349' title='bbox 1469 3167 1518 3214; x_wconf 91' lang='lat' dir='ltr'>in</span> <span class='ocrx_word' id='word_1_350' title='bbox 1553 3182 1614 3216; x_wconf 90' lang='lat' dir='ltr'>eo</span> <span class='ocrx_word' id='word_1_351' title='bbox 1654 3166 1834 3215; x_wconf 85' lang='lat' dir='ltr'>versari</span> <span class='ocrx_word' id='word_1_352' title='bbox 1873 3181 1937 3215; x_wconf 87' lang='lat' dir='ltr'>cu</span> <span class='ocrx_word' id='word_1_353' title='bbox 1970 3166 2025 3226; x_wconf 84' lang='lat' dir='ltr'>it,</span> 
     </span>
     <span class='ocr_line' id='line_1_42' title="bbox 386 3182 2026 3299; baseline 0.002 -18"><span class='ocrx_word' id='word_1_354' title='bbox 386 3242 563 3297; x_wconf 82' lang='lat' dir='ltr'>praeter</span> <span class='ocrx_word' id='word_1_355' title='bbox 584 3234 671 3283; x_wconf 90' lang='lat' dir='ltr'>has</span> <span class='ocrx_word' id='word_1_356' title='bbox 693 3233 966 3299; x_wconf 86' lang='lat' dir='ltr'>ingeniosas</span> <span class='ocrx_word' id='word_1_357' title='bbox 990 3233 1211 3283; x_wconf 89' lang='lat' dir='ltr'>Wartoni</span> <span class='ocrx_word' id='word_1_358' title='bbox 1230 3242 1282 3283; x_wconf 90' lang='lat' dir='ltr'>et</span> <span class='ocrx_word' id='word_1_359' title='bbox 1299 3233 1480 3299; x_wconf 83' lang='lat' dir='ltr'>Heynii</span> <span class='ocrx_word' id='word_1_360' title='bbox 1498 3234 1875 3293; x_wconf 86' lang='lat' dir='ltr'>dissertationes,</span> <span class='ocrx_word' id='word_1_361' title='bbox 1891 3182 2026 3285; x_wconf 59' lang='lat' dir='ltr'>agn</span> 
     </span>
     <span class='ocr_line' id='line_1_43' title="bbox 385 3300 1922 3369; baseline 0.001 -20"><span class='ocrx_word' id='word_1_362' title='bbox 385 3310 546 3366; x_wconf 87' lang='lat' dir='ltr'>potest</span> <span class='ocrx_word' id='word_1_363' title='bbox 572 3300 729 3365; x_wconf 83' lang='lat' dir='ltr'>Rapin</span> <span class='ocrx_word' id='word_1_364' title='bbox 752 3301 815 3351; x_wconf 89' lang='lat' dir='ltr'>de</span> <span class='ocrx_word' id='word_1_365' title='bbox 841 3304 1001 3351; x_wconf 75' lang='lat' dir='ltr'>Carm-</span> <span class='ocrx_word' id='word_1_366' title='bbox 1028 3301 1257 3350; x_wconf 89' lang='lat' dir='ltr'>Pastoral.</span> <span class='ocrx_word' id='word_1_367' title='bbox 1303 3301 1511 3351; x_wconf 66' lang='lat' dir='ltr'>Dis-sert.</span> <span class='ocrx_word' id='word_1_368' title='bbox 1534 3320 1620 3351; x_wconf 75' lang='lat' dir='ltr'>sur</span> <span class='ocrx_word' id='word_1_369' title='bbox 1641 3301 1678 3350; x_wconf 84' lang='lat' dir='ltr'>l’</span> <span class='ocrx_word' id='word_1_370' title='bbox 1701 3301 1922 3369; x_wconf 76' lang='lat' dir='ltr'>Eclogue·</span> 
     </span>
     <span class='ocr_line' id='line_1_44' title="bbox 385 3368 2021 3438; baseline 0.001 -22"><span class='ocrx_word' id='word_1_371' title='bbox 385 3370 626 3435; x_wconf 82' lang='lat' dir='ltr'>Fraguier</span> <span class='ocrx_word' id='word_1_372' title='bbox 641 3390 663 3426; x_wconf 85' lang='lat'>,-</span> <span class='ocrx_word' id='word_1_373' title='bbox 707 3370 965 3419; x_wconf 76' lang='lat' dir='ltr'>Memoires</span> <span class='ocrx_word' id='word_1_374' title='bbox 998 3370 1056 3418; x_wconf 87' lang='lat' dir='ltr'>de</span> <span class='ocrx_word' id='word_1_375' title='bbox 1091 3368 1126 3417; x_wconf 87' lang='lat' dir='ltr'>l’</span> <span class='ocrx_word' id='word_1_376' title='bbox 1155 3369 1306 3419; x_wconf 82' lang='lat' dir='ltr'>Acad.</span> <span class='ocrx_word' id='word_1_377' title='bbox 1339 3370 1421 3419; x_wconf 75' lang='lat' dir='ltr'>des</span> <span class='ocrx_word' id='word_1_378' title='bbox 1453 3371 1656 3438; x_wconf 78' lang='lat' dir='ltr'>Inscrip.</span> <span class='ocrx_word' id='word_1_379' title='bbox 1699 3370 1747 3419; x_wconf 90' lang='lat' dir='ltr'><strong><em>T</em></strong></span> <span class='ocrx_word' id='word_1_380' title='bbox 1742 3386 1831 3420; x_wconf 84' lang='lat' dir='ltr'>om.</span> <span class='ocrx_word' id='word_1_381' title='bbox 1864 3369 1901 3418; x_wconf 93' lang='grc' dir='ltr'><strong><em>Ι</em></strong></span> <span class='ocrx_word' id='word_1_382' title='bbox 1965 3386 2021 3436; x_wconf 78' lang='lat' dir='ltr'>p.</span> 
     </span>
     <span class='ocr_line' id='line_1_45' title="bbox 389 3434 2019 3505; baseline 0.002 -23"><span class='ocrx_word' id='word_1_383' title='bbox 389 3440 501 3483; x_wconf 74' lang='lat'>132.</span> <span class='ocrx_word' id='word_1_384' title='bbox 528 3438 697 3503; x_wconf 74' lang='lat' dir='ltr'>Pope&#39;s</span> <span class='ocrx_word' id='word_1_385' title='bbox 721 3438 980 3487; x_wconf 77' lang='lat' dir='ltr'>Discourse</span> <span class='ocrx_word' id='word_1_386' title='bbox 1001 3454 1060 3487; x_wconf 85' lang='lat' dir='ltr'>on</span> <span class='ocrx_word' id='word_1_387' title='bbox 1099 3436 1330 3487; x_wconf 75' lang='lat' dir='ltr'>Pastoral</span> <span class='ocrx_word' id='word_1_388' title='bbox 1362 3438 1562 3505; x_wconf 74' lang='lat' dir='ltr'>Poetry.</span> <span class='ocrx_word' id='word_1_389' title='bbox 1637 3438 1684 3487; x_wconf 85' lang='lat' dir='ltr'><strong><em>T</em></strong></span> <span class='ocrx_word' id='word_1_390' title='bbox 1683 3437 1741 3488; x_wconf 72' lang='lat' dir='ltr'>lte</span> <span class='ocrx_word' id='word_1_391' title='bbox 1774 3434 2019 3495; x_wconf 60' lang='lat' dir='ltr'>muer,</span> 
     </span>
     <span class='ocr_line' id='line_1_46' title="bbox 386 3502 2019 3556; baseline 0.002 -6"><span class='ocrx_word' id='word_1_392' title='bbox 386 3502 482 3551; x_wconf 90' lang='lat' dir='ltr'>No.</span> <span class='ocrx_word' id='word_1_393' title='bbox 507 3508 586 3554; x_wconf 83' lang='grc'>36.</span> <span class='ocrx_word' id='word_1_394' title='bbox 609 3515 661 3553; x_wconf 89' lang='lat' dir='ltr'>et</span> <span class='ocrx_word' id='word_1_395' title='bbox 685 3507 777 3556; x_wconf 79' lang='lat'>87:</span> <span class='ocrx_word' id='word_1_396' title='bbox 813 3517 1014 3555; x_wconf 87' lang='lat' dir='ltr'>auctore</span> <span class='ocrx_word' id='word_1_397' title='bbox 1039 3506 1169 3554; x_wconf 89' lang='lat' dir='ltr'>Sam.</span> <span class='ocrx_word' id='word_1_398' title='bbox 1198 3505 1436 3554; x_wconf 86' lang='lat' dir='ltr'>Johnson.</span> <span class='ocrx_word' id='word_1_399' title='bbox 1511 3508 1686 3555; x_wconf 84' lang='lat' dir='ltr'>Postea</span> <span class='ocrx_word' id='word_1_400' title='bbox 1717 3514 1879 3555; x_wconf 85' lang='lat' dir='ltr'>autem</span> <span class='ocrx_word' id='word_1_401' title='bbox 1913 3503 2019 3554; x_wconf 60' lang='lat' dir='ltr'>hie,</span> 
     </span>
     <span class='ocr_line' id='line_1_47' title="bbox 385 3570 2016 3640; baseline 0.002 -21"><span class='ocrx_word' id='word_1_402' title='bbox 385 3585 443 3620; x_wconf 89' lang='lat' dir='ltr'>ce</span> <span class='ocrx_word' id='word_1_403' title='bbox 461 3570 537 3618; x_wconf 83' lang='lat' dir='ltr'>vir</span> <span class='ocrx_word' id='word_1_404' title='bbox 564 3572 903 3623; x_wconf 85' lang='lat' dir='ltr'>celeberrimus</span> <span class='ocrx_word' id='word_1_405' title='bbox 943 3589 994 3623; x_wconf 85' lang='lat' dir='ltr'>se</span> <span class='ocrx_word' id='word_1_406' title='bbox 1036 3573 1366 3638; x_wconf 80' lang='lat' dir='ltr'>inquissiinum</span> <span class='ocrx_word' id='word_1_407' title='bbox 1403 3573 1614 3624; x_wconf 84' lang='lat' dir='ltr'>ostendit</span> <span class='ocrx_word' id='word_1_408' title='bbox 1649 3574 1698 3622; x_wconf 89' lang='lat' dir='ltr'>in</span> <span class='ocrx_word' id='word_1_409' title='bbox 1733 3572 1827 3622; x_wconf 88' lang='lat' dir='ltr'>hoc</span> <span class='ocrx_word' id='word_1_410' title='bbox 1860 3587 2016 3640; x_wconf 81' lang='lat' dir='ltr'>genus</span> 
     </span>
    </p>
   </div>
  </div>
 </body>
</html>
